<?xml version="1.0" encoding="UTF-8"?>
<!DOCTYPE html PUBLIC "-//W3C//DTD XHTML 1.0 Transitional//EN"
    "http://www.w3.org/TR/xhtml1/DTD/xhtml1-transitional.dtd">
<html xmlns="http://www.w3.org/1999/xhtml" xml:lang="en" lang="en">
 <head>
  <title>
</title>
<meta http-equiv="Content-Type" content="text/html;charset=utf-8" />
  <meta name='ocr-system' content='tesseract 3.04.00' />
  <meta name='ocr-capabilities' content='ocr_page ocr_carea ocr_par ocr_line ocrx_word'/>
</head>
<body>
  <div class='ocr_page' id='page_1' title='image "./antiquaecclesis00davigoog_0055.png"; bbox 0 0 3006 4672; ppageno 0'>
   <div class='ocr_carea' id='block_1_1' title="bbox 317 153 1126 222">
    <p class='ocr_par' dir='ltr' id='par_1_1' title="bbox 317 153 1126 222">
     <span class='ocr_line' id='line_1_1' title="bbox 317 153 1126 222; baseline -0.004 0"><span class='ocrx_word' id='word_1_1' title='bbox 317 153 361 222; x_wconf 75' lang='grc'>32</span> <span class='ocrx_word' id='word_1_2' title='bbox 628 177 669 222; x_wconf 80' lang='lat' dir='ltr'>or</span> <span class='ocrx_word' id='word_1_3' title='bbox 692 175 857 222; x_wconf 78' lang='lat' dir='ltr'>rs1unroe</span> <span class='ocrx_word' id='word_1_4' title='bbox 879 175 1126 222; x_wconf 76' lang='lat' dir='ltr'>eraerruirsrn</span> 
     </span>
    </p>
   </div>
   <div class='ocr_carea' id='block_1_2' title="bbox 142 288 1438 3723">
    <p class='ocr_par' dir='ltr' id='par_1_2' title="bbox 176 288 1435 2646">
     <span class='ocr_line' id='line_1_2' title="bbox 176 288 1425 377; baseline -0.009 -13"><span class='ocrx_word' id='word_1_5' title='bbox 176 292 288 364; x_wconf 70' lang='lat' dir='ltr'>(icc</span> <span class='ocrx_word' id='word_1_6' title='bbox 317 288 400 358; x_wconf 81' lang='lat' dir='ltr'>Chr.</span> <span class='ocrx_word' id='word_1_7' title='bbox 425 289 700 374; x_wconf 75' lang='lat' dir='ltr'>4300010brata,</span> <span class='ocrx_word' id='word_1_8' title='bbox 726 289 858 359; x_wconf 88' lang='lat' dir='ltr'>dietum</span> <span class='ocrx_word' id='word_1_9' title='bbox 887 293 941 357; x_wconf 88' lang='lat' dir='ltr'>est</span> <span class='ocrx_word' id='word_1_10' title='bbox 963 289 1033 377; x_wconf 81' lang='lat'>(1):</span> <span class='ocrx_word' id='word_1_11' title='bbox 1063 317 1079 352; x_wconf 80' lang='lat' dir='ltr'>c</span> <span class='ocrx_word' id='word_1_12' title='bbox 1110 288 1184 358; x_wconf 92' lang='lat' dir='ltr'>Hoo</span> <span class='ocrx_word' id='word_1_13' title='bbox 1215 288 1311 356; x_wconf 87' lang='lat' dir='ltr'>Deus</span> <span class='ocrx_word' id='word_1_14' title='bbox 1341 309 1425 357; x_wconf 87' lang='lat' dir='ltr'>oreo·</span> 
     </span>
     <span class='ocr_line' id='line_1_3' title="bbox 319 391 1427 483; baseline -0.002 -19"><span class='ocrx_word' id='word_1_15' title='bbox 319 423 335 458; x_wconf 81' lang='lat' dir='ltr'>n</span> <span class='ocrx_word' id='word_1_16' title='bbox 355 401 411 465; x_wconf 89' lang='lat' dir='ltr'>tor</span> <span class='ocrx_word' id='word_1_17' title='bbox 433 398 470 465; x_wconf 93' lang='lat' dir='ltr'>in</span> <span class='ocrx_word' id='word_1_18' title='bbox 493 403 622 466; x_wconf 87' lang='lat' dir='ltr'>natura</span> <span class='ocrx_word' id='word_1_19' title='bbox 645 391 797 466; x_wconf 86' lang='lat' dir='ltr'>humana</span> <span class='ocrx_word' id='word_1_20' title='bbox 826 397 1024 483; x_wconf 85' lang='lat' dir='ltr'>constituit,</span> <span class='ocrx_word' id='word_1_21' title='bbox 1050 401 1092 465; x_wconf 88' lang='lat' dir='ltr'>ut</span> <span class='ocrx_word' id='word_1_22' title='bbox 1121 396 1206 466; x_wconf 85' lang='lat' dir='ltr'>liliis</span> <span class='ocrx_word' id='word_1_23' title='bbox 1238 418 1308 464; x_wconf 92' lang='lat' dir='ltr'>non</span> <span class='ocrx_word' id='word_1_24' title='bbox 1331 395 1427 464; x_wconf 87' lang='lat' dir='ltr'>liceat</span> 
     </span>
     <span class='ocr_line' id='line_1_4' title="bbox 319 503 1426 594; baseline -0.002 -22"><span class='ocrx_word' id='word_1_25' title='bbox 319 530 334 565; x_wconf 77' lang='lat' dir='ltr'>n</span> <span class='ocrx_word' id='word_1_26' title='bbox 354 508 471 594; x_wconf 87' lang='lat' dir='ltr'>patres</span> <span class='ocrx_word' id='word_1_27' title='bbox 495 526 576 573; x_wconf 88' lang='lat' dir='ltr'>snos</span> <span class='ocrx_word' id='word_1_28' title='bbox 590 504 812 590; x_wconf 80' lang='lat' dir='ltr'>exheredare,</span> <span class='ocrx_word' id='word_1_29' title='bbox 832 505 890 574; x_wconf 84' lang='lat' dir='ltr'>sed</span> <span class='ocrx_word' id='word_1_30' title='bbox 906 526 925 573; x_wconf 90' lang='lat' dir='ltr'>e</span> <span class='ocrx_word' id='word_1_31' title='bbox 941 510 1063 576; x_wconf 88' lang='lat' dir='ltr'>eontra</span> <span class='ocrx_word' id='word_1_32' title='bbox 1079 509 1196 594; x_wconf 82' lang='lat' dir='ltr'>patres</span> <span class='ocrx_word' id='word_1_33' title='bbox 1221 503 1426 572; x_wconf 83' lang='lat' dir='ltr'>auctoritate</span> 
     </span>
     <span class='ocr_line' id='line_1_5' title="bbox 319 611 1424 703; baseline 0.003 -28"><span class='ocrx_word' id='word_1_34' title='bbox 319 639 334 674; x_wconf 79' lang='lat' dir='ltr'><em>n</em></span> <span class='ocrx_word' id='word_1_35' title='bbox 353 613 389 680; x_wconf 93' lang='lat' dir='ltr'>in</span> <span class='ocrx_word' id='word_1_36' title='bbox 405 613 497 680; x_wconf 90' lang='lat' dir='ltr'>filios</span> <span class='ocrx_word' id='word_1_37' title='bbox 520 613 716 703; x_wconf 84' lang='lat' dir='ltr'>polleant...</span> <span class='ocrx_word' id='word_1_38' title='bbox 736 614 778 680; x_wconf 92' lang='lat' dir='ltr'>In</span> <span class='ocrx_word' id='word_1_39' title='bbox 791 620 912 683; x_wconf 87' lang='lat' dir='ltr'>sancta</span> <span class='ocrx_word' id='word_1_40' title='bbox 928 619 1045 682; x_wconf 88' lang='lat' dir='ltr'>autem</span> <span class='ocrx_word' id='word_1_41' title='bbox 1059 611 1218 682; x_wconf 73' lang='lat' dir='ltr'>Ecclesia</span> <span class='ocrx_word' id='word_1_42' title='bbox 1230 611 1344 680; x_wconf 89' lang='lat' dir='ltr'>omnis</span> <span class='ocrx_word' id='word_1_43' title='bbox 1359 633 1424 701; x_wconf 88' lang='lat' dir='ltr'>per-</span> 
     </span>
     <span class='ocr_line' id='line_1_6' title="bbox 318 720 1425 813; baseline 0.005 -31"><span class='ocrx_word' id='word_1_44' title='bbox 318 747 334 782; x_wconf 73' lang='lat' dir='ltr'><em>n</em></span> <span class='ocrx_word' id='word_1_45' title='bbox 353 720 459 790; x_wconf 79' lang='lat' dir='ltr'>lectio</span> <span class='ocrx_word' id='word_1_46' title='bbox 474 721 586 810; x_wconf 83' lang='lat' dir='ltr'>magis</span> <span class='ocrx_word' id='word_1_47' title='bbox 602 743 749 811; x_wconf 86' lang='lat' dir='ltr'>regnare</span> <span class='ocrx_word' id='word_1_48' title='bbox 764 721 876 790; x_wconf 91' lang='lat' dir='ltr'>debet.</span> <span class='ocrx_word' id='word_1_49' title='bbox 893 721 1033 790; x_wconf 90' lang='lat' dir='ltr'>Etenim</span> <span class='ocrx_word' id='word_1_50' title='bbox 1044 721 1329 813; x_wconf 83' lang='lat' dir='ltr'>quemadmodum</span> <span class='ocrx_word' id='word_1_51' title='bbox 1345 743 1425 787; x_wconf 89' lang='lat' dir='ltr'>unus</span> 
     </span>
     <span class='ocr_line' id='line_1_7' title="bbox 318 827 1424 913; baseline -0.002 -16"><span class='ocrx_word' id='word_1_52' title='bbox 318 855 334 890; x_wconf 78' lang='lat' dir='ltr'>a</span> <span class='ocrx_word' id='word_1_53' title='bbox 353 834 408 897; x_wconf 86' lang='lat' dir='ltr'>est</span> <span class='ocrx_word' id='word_1_54' title='bbox 430 851 535 898; x_wconf 86' lang='lat' dir='ltr'>verus</span> <span class='ocrx_word' id='word_1_55' title='bbox 559 831 675 913; x_wconf 86' lang='lat' dir='ltr'>Pater,</span> <span class='ocrx_word' id='word_1_56' title='bbox 701 852 792 898; x_wconf 88' lang='lat' dir='ltr'>unus</span> <span class='ocrx_word' id='word_1_57' title='bbox 808 829 925 898; x_wconf 84' lang='lat' dir='ltr'>Eilius</span> <span class='ocrx_word' id='word_1_58' title='bbox 939 831 1015 898; x_wconf 86' lang='lat' dir='ltr'>eius</span> <span class='ocrx_word' id='word_1_59' title='bbox 1028 829 1192 898; x_wconf 77' lang='lat' dir='ltr'><strong>Salvator</strong></span> <span class='ocrx_word' id='word_1_60' title='bbox 1206 835 1325 897; x_wconf 88' lang='lat' dir='ltr'>noster</span> <span class='ocrx_word' id='word_1_61' title='bbox 1337 827 1424 896; x_wconf 84' lang='lat' dir='ltr'>Chri·</span> 
     </span>
     <span class='ocr_line' id='line_1_8' title="bbox 319 935 1425 1027; baseline 0.002 -27"><span class='ocrx_word' id='word_1_62' title='bbox 319 942 441 1020; x_wconf 80' lang='lat' dir='ltr'>nstus,</span> <span class='ocrx_word' id='word_1_63' title='bbox 467 960 558 1005; x_wconf 89' lang='lat' dir='ltr'>unus</span> <span class='ocrx_word' id='word_1_64' title='bbox 583 936 738 1027; x_wconf 75' lang='lat' dir='ltr'><strong>Spiritus</strong></span> <span class='ocrx_word' id='word_1_65' title='bbox 762 937 837 1006; x_wconf 87' lang='lat' dir='ltr'>eius</span> <span class='ocrx_word' id='word_1_66' title='bbox 859 937 1075 1022; x_wconf 83' lang='lat' dir='ltr'>Paracletus,</span> <span class='ocrx_word' id='word_1_67' title='bbox 1094 935 1144 1006; x_wconf 84' lang='lat' dir='ltr'>sio&#39;</span> <span class='ocrx_word' id='word_1_68' title='bbox 1168 959 1259 1004; x_wconf 88' lang='lat' dir='ltr'>unus</span> <span class='ocrx_word' id='word_1_69' title='bbox 1282 941 1339 1004; x_wconf 88' lang='lat' dir='ltr'>est</span> <span class='ocrx_word' id='word_1_70' title='bbox 1360 936 1425 1004; x_wconf 88' lang='lat' dir='ltr'>eius</span> 
     </span>
     <span class='ocr_line' id='line_1_9' title="bbox 318 1042 1425 1136; baseline -0.002 -22"><span class='ocrx_word' id='word_1_71' title='bbox 318 1073 334 1106; x_wconf 81' lang='lat' dir='ltr'>n</span> <span class='ocrx_word' id='word_1_72' title='bbox 351 1044 509 1114; x_wconf 84' lang='lat' dir='ltr'>vicarius</span> <span class='ocrx_word' id='word_1_73' title='bbox 531 1044 658 1129; x_wconf 88' lang='lat' dir='ltr'>fidelis,</span> <span class='ocrx_word' id='word_1_74' title='bbox 678 1042 795 1112; x_wconf 87' lang='lat' dir='ltr'>Simon</span> <span class='ocrx_word' id='word_1_75' title='bbox 812 1043 977 1133; x_wconf 87' lang='lat' dir='ltr'>Barjona,</span> <span class='ocrx_word' id='word_1_76' title='bbox 995 1044 1055 1136; x_wconf 91' lang='lat' dir='ltr'>qni</span> <span class='ocrx_word' id='word_1_77' title='bbox 1068 1049 1292 1133; x_wconf 87' lang='lat' dir='ltr'>nuncupatus</span> <span class='ocrx_word' id='word_1_78' title='bbox 1308 1043 1425 1112; x_wconf 86' lang='lat' dir='ltr'>estPe·</span> 
     </span>
     <span class='ocr_line' id='line_1_10' title="bbox 318 1150 1425 1244; baseline 0 -28"><span class='ocrx_word' id='word_1_79' title='bbox 318 1156 411 1220; x_wconf 77' lang='lat' dir='ltr'>ntra</span> <span class='ocrx_word' id='word_1_80' title='bbox 433 1156 504 1239; x_wconf 81' lang='lat' dir='ltr'>(seo</span> <span class='ocrx_word' id='word_1_81' title='bbox 526 1152 678 1237; x_wconf 88' lang='lat' dir='ltr'>Petrus),</span> <span class='ocrx_word' id='word_1_82' title='bbox 698 1151 821 1244; x_wconf 87' lang='lat' dir='ltr'>cuique</span> <span class='ocrx_word' id='word_1_83' title='bbox 844 1152 917 1241; x_wconf 87' lang='lat' dir='ltr'>ipse</span> <span class='ocrx_word' id='word_1_84' title='bbox 941 1151 1150 1241; x_wconf 89' lang='lat' dir='ltr'>promissum</span> <span class='ocrx_word' id='word_1_85' title='bbox 1171 1150 1269 1220; x_wconf 89' lang='lat' dir='ltr'>dedit</span> <span class='ocrx_word' id='word_1_86' title='bbox 1291 1150 1425 1219; x_wconf 83' lang='lat' dir='ltr'>dicens:</span> 
     </span>
     <span class='ocr_line' id='line_1_11' title="bbox 319 1259 1428 1350; baseline 0 -28"><span class='ocrx_word' id='word_1_87' title='bbox 319 1288 335 1322; x_wconf 79' lang='lat' dir='ltr'>n</span> <span class='ocrx_word' id='word_1_88' title='bbox 356 1261 463 1350; x_wconf 70' lang='lat' dir='ltr'>disper</span> <span class='ocrx_word' id='word_1_89' title='bbox 476 1259 710 1327; x_wconf 78' lang='lat' dir='ltr'>lanoPetrum</span> <span class='ocrx_word' id='word_1_90' title='bbox 721 1259 906 1349; x_wconf 80' lang='lat' dir='ltr'>oedificabo</span> <span class='ocrx_word' id='word_1_91' title='bbox 919 1259 1110 1327; x_wconf 71' lang='lat' dir='ltr'>Ecclesiam</span> <span class='ocrx_word' id='word_1_92' title='bbox 1126 1283 1243 1339; x_wconf 85' lang='lat' dir='ltr'>meam,</span> <span class='ocrx_word' id='word_1_93' title='bbox 1258 1259 1344 1326; x_wconf 90' lang='lat' dir='ltr'>item</span> <span class='ocrx_word' id='word_1_94' title='bbox 1360 1259 1428 1326; x_wconf 81' lang='lat' dir='ltr'>Tibi</span> 
     </span>
     <span class='ocr_line' id='line_1_12' title="bbox 320 1366 1427 1457; baseline 0.003 -27"><span class='ocrx_word' id='word_1_95' title='bbox 320 1395 335 1430; x_wconf 77' lang='lat' dir='ltr'><em>n</em></span> <span class='ocrx_word' id='word_1_96' title='bbox 355 1366 440 1436; x_wconf 80' lang='lat' dir='ltr'>dudo</span> <span class='ocrx_word' id='word_1_97' title='bbox 457 1367 565 1436; x_wconf 79' lang='lat' dir='ltr'>claves</span> <span class='ocrx_word' id='word_1_98' title='bbox 580 1370 681 1457; x_wconf 72' lang='lat' dir='ltr'>requi</span> <span class='ocrx_word' id='word_1_99' title='bbox 697 1367 871 1435; x_wconf 81' lang='lat' dir='ltr'>coelorum.</span> <span class='ocrx_word' id='word_1_100' title='bbox 886 1394 901 1430; x_wconf 81' lang='lat' dir='ltr'><em>n</em></span> <span class='ocrx_word' id='word_1_101' title='bbox 919 1368 1027 1436; x_wconf 82' lang='lat' dir='ltr'>Vides</span> <span class='ocrx_word' id='word_1_102' title='bbox 1043 1366 1100 1436; x_wconf 91' lang='lat' dir='ltr'>hic</span> <span class='ocrx_word' id='word_1_103' title='bbox 1116 1367 1334 1457; x_wconf 84' lang='lat' dir='ltr'>praeclaram</span> <span class='ocrx_word' id='word_1_104' title='bbox 1346 1389 1427 1434; x_wconf 89' lang='lat' dir='ltr'>com-</span> 
     </span>
     <span class='ocr_line' id='line_1_13' title="bbox 317 1474 1426 1567; baseline -0.004 -23"><span class='ocrx_word' id='word_1_105' title='bbox 317 1477 532 1567; x_wconf 76' lang='lat' dir='ltr'>parationem</span> <span class='ocrx_word' id='word_1_106' title='bbox 555 1476 647 1544; x_wconf 88' lang='lat' dir='ltr'>inter</span> <span class='ocrx_word' id='word_1_107' title='bbox 670 1475 841 1546; x_wconf 85' lang='lat' dir='ltr'>familiam</span> <span class='ocrx_word' id='word_1_108' title='bbox 857 1475 1079 1544; x_wconf 76' lang='lat' dir='ltr'>domesticam</span> <span class='ocrx_word' id='word_1_109' title='bbox 1094 1497 1134 1543; x_wconf 87' lang='lat' dir='ltr'>ao</span> <span class='ocrx_word' id='word_1_110' title='bbox 1149 1474 1346 1544; x_wconf 84' lang='lat' dir='ltr'>Ecclesiam</span> <span class='ocrx_word' id='word_1_111' title='bbox 1358 1474 1426 1541; x_wconf 91' lang='lat' dir='ltr'>uni·</span> 
     </span>
     <span class='ocr_line' id='line_1_14' title="bbox 318 1581 1428 1671; baseline -0.003 -21"><span class='ocrx_word' id='word_1_112' title='bbox 318 1583 499 1667; x_wconf 89' lang='lat' dir='ltr'>versalem,</span> <span class='ocrx_word' id='word_1_113' title='bbox 525 1587 563 1652; x_wconf 93' lang='lat' dir='ltr'>et</span> <span class='ocrx_word' id='word_1_114' title='bbox 585 1583 768 1652; x_wconf 86' lang='lat' dir='ltr'>veritatem</span> <span class='ocrx_word' id='word_1_115' title='bbox 784 1583 866 1652; x_wconf 88' lang='lat' dir='ltr'>inde</span> <span class='ocrx_word' id='word_1_116' title='bbox 882 1583 1077 1668; x_wconf 82' lang='lat' dir='ltr'>deductam,</span> <span class='ocrx_word' id='word_1_117' title='bbox 1098 1605 1217 1671; x_wconf 90' lang='lat' dir='ltr'>nempe</span> <span class='ocrx_word' id='word_1_118' title='bbox 1240 1581 1428 1652; x_wconf 85' lang='lat' dir='ltr'>Ecclesiam</span> 
     </span>
     <span class='ocr_line' id='line_1_15' title="bbox 318 1688 1429 1780; baseline 0.003 -24"><span class='ocrx_word' id='word_1_119' title='bbox 318 1688 443 1759; x_wconf 91' lang='lat' dir='ltr'>habere</span> <span class='ocrx_word' id='word_1_120' title='bbox 466 1713 573 1759; x_wconf 91' lang='lat' dir='ltr'>unum</span> <span class='ocrx_word' id='word_1_121' title='bbox 597 1697 716 1780; x_wconf 84' lang='lat' dir='ltr'>ceput,</span> <span class='ocrx_word' id='word_1_122' title='bbox 741 1713 849 1759; x_wconf 89' lang='lat' dir='ltr'>unum</span> <span class='ocrx_word' id='word_1_123' title='bbox 872 1697 1058 1774; x_wconf 86' lang='lat' dir='ltr'>rectorem,</span> <span class='ocrx_word' id='word_1_124' title='bbox 1088 1713 1195 1759; x_wconf 90' lang='lat' dir='ltr'>unum</span> <span class='ocrx_word' id='word_1_125' title='bbox 1225 1692 1429 1780; x_wconf 82' lang='lat' dir='ltr'>gubernato·</span> 
     </span>
     <span class='ocr_line' id='line_1_16' title="bbox 318 1797 1430 1884; baseline 0.001 -19"><span class='ocrx_word' id='word_1_126' title='bbox 318 1819 401 1882; x_wconf 86' lang='lat' dir='ltr'>rem,</span> <span class='ocrx_word' id='word_1_127' title='bbox 417 1797 475 1867; x_wconf 90' lang='lat' dir='ltr'>cui</span> <span class='ocrx_word' id='word_1_128' title='bbox 490 1798 603 1867; x_wconf 87' lang='lat' dir='ltr'>omnia</span> <span class='ocrx_word' id='word_1_129' title='bbox 618 1798 797 1869; x_wconf 86' lang='lat' dir='ltr'>Ecclesiae</span> <span class='ocrx_word' id='word_1_130' title='bbox 821 1801 971 1868; x_wconf 87' lang='lat' dir='ltr'>membra</span> <span class='ocrx_word' id='word_1_131' title='bbox 993 1797 1130 1867; x_wconf 86' lang='lat' dir='ltr'>obedire</span> <span class='ocrx_word' id='word_1_132' title='bbox 1152 1802 1355 1884; x_wconf 86' lang='lat' dir='ltr'>teneantur,</span> <span class='ocrx_word' id='word_1_133' title='bbox 1376 1799 1430 1866; x_wconf 89' lang='lat' dir='ltr'>sic·</span> 
     </span>
     <span class='ocr_line' id='line_1_17' title="bbox 318 1906 1430 1996; baseline 0 -22"><span class='ocrx_word' id='word_1_134' title='bbox 318 1911 359 1974; x_wconf 85' lang='lat' dir='ltr'>ut</span> <span class='ocrx_word' id='word_1_135' title='bbox 388 1906 425 1974; x_wconf 92' lang='lat' dir='ltr'>in</span> <span class='ocrx_word' id='word_1_136' title='bbox 463 1906 599 1974; x_wconf 87' lang='lat' dir='ltr'>familia</span> <span class='ocrx_word' id='word_1_137' title='bbox 630 1929 744 1975; x_wconf 89' lang='lat' dir='ltr'>omnes</span> <span class='ocrx_word' id='word_1_138' title='bbox 776 1907 871 1996; x_wconf 85' lang='lat' dir='ltr'>patri</span> <span class='ocrx_word' id='word_1_139' title='bbox 900 1908 1136 1996; x_wconf 89' lang='lat' dir='ltr'>obtemperare</span> <span class='ocrx_word' id='word_1_140' title='bbox 1167 1907 1305 1975; x_wconf 89' lang='lat' dir='ltr'>debent.</span> <span class='ocrx_word' id='word_1_141' title='bbox 1337 1907 1430 1990; x_wconf 78' lang='lat' dir='ltr'>Quod</span> 
     </span>
     <span class='ocr_line' id='line_1_18' title="bbox 318 2013 1430 2105; baseline 0.001 -24"><span class='ocrx_word' id='word_1_142' title='bbox 318 2020 434 2083; x_wconf 87' lang='lat' dir='ltr'>autem</span> <span class='ocrx_word' id='word_1_143' title='bbox 457 2014 564 2103; x_wconf 88' lang='lat' dir='ltr'>hujus</span> <span class='ocrx_word' id='word_1_144' title='bbox 588 2015 715 2104; x_wconf 88' lang='lat' dir='ltr'>synodi</span> <span class='ocrx_word' id='word_1_145' title='bbox 731 2015 852 2083; x_wconf 87' lang='lat' dir='ltr'>Patres</span> <span class='ocrx_word' id='word_1_146' title='bbox 875 2039 943 2083; x_wconf 91' lang='lat' dir='ltr'>nou</span> <span class='ocrx_word' id='word_1_147' title='bbox 965 2015 1006 2084; x_wconf 88' lang='lat' dir='ltr'>de</span> <span class='ocrx_word' id='word_1_148' title='bbox 1030 2013 1187 2084; x_wconf 87' lang='lat' dir='ltr'>ecclesiis</span> <span class='ocrx_word' id='word_1_149' title='bbox 1208 2015 1430 2105; x_wconf 84' lang='lat' dir='ltr'>particulari·</span> 
     </span>
     <span class='ocr_line' id='line_1_19' title="bbox 319 2123 1431 2213; baseline 0 -23"><span class='ocrx_word' id='word_1_150' title='bbox 319 2124 383 2190; x_wconf 88' lang='lat' dir='ltr'>bus</span> <span class='ocrx_word' id='word_1_151' title='bbox 405 2123 607 2213; x_wconf 86' lang='lat' dir='ltr'>loquantur,</span> <span class='ocrx_word' id='word_1_152' title='bbox 634 2123 694 2192; x_wconf 93' lang='lat' dir='ltr'>sed</span> <span class='ocrx_word' id='word_1_153' title='bbox 718 2123 759 2192; x_wconf 89' lang='lat' dir='ltr'>de</span> <span class='ocrx_word' id='word_1_154' title='bbox 784 2123 979 2192; x_wconf 87' lang='lat' dir='ltr'>universali</span> <span class='ocrx_word' id='word_1_155' title='bbox 994 2123 1164 2208; x_wconf 86' lang='lat' dir='ltr'>Ecclesia,</span> <span class='ocrx_word' id='word_1_156' title='bbox 1179 2123 1365 2192; x_wconf 85' lang='lat' dir='ltr'>evidenter</span> <span class='ocrx_word' id='word_1_157' title='bbox 1379 2145 1431 2212; x_wconf 88' lang='lat' dir='ltr'>pa·</span> 
     </span>
     <span class='ocr_line' id='line_1_20' title="bbox 319 2229 1433 2322; baseline 0 -24"><span class='ocrx_word' id='word_1_158' title='bbox 319 2234 373 2298; x_wconf 89' lang='lat' dir='ltr'>tet</span> <span class='ocrx_word' id='word_1_159' title='bbox 394 2229 527 2318; x_wconf 82' lang='lat' dir='ltr'>legenti</span> <span class='ocrx_word' id='word_1_160' title='bbox 550 2236 662 2298; x_wconf 87' lang='lat' dir='ltr'>totum</span> <span class='ocrx_word' id='word_1_161' title='bbox 679 2235 891 2316; x_wconf 85' lang='lat' dir='ltr'>contextum,</span> <span class='ocrx_word' id='word_1_162' title='bbox 906 2254 948 2300; x_wconf 86' lang='lat' dir='ltr'>ex</span> <span class='ocrx_word' id='word_1_163' title='bbox 972 2255 1039 2322; x_wconf 89' lang='lat' dir='ltr'>quo</span> <span class='ocrx_word' id='word_1_164' title='bbox 1055 2231 1165 2320; x_wconf 92' lang='lat' dir='ltr'>primo</span> <span class='ocrx_word' id='word_1_165' title='bbox 1188 2230 1264 2300; x_wconf 87' lang='lat' dir='ltr'>ictu</span> <span class='ocrx_word' id='word_1_166' title='bbox 1290 2237 1433 2322; x_wconf 89' lang='lat' dir='ltr'>apparet</span> 
     </span>
     <span class='ocr_line' id='line_1_21' title="bbox 319 2337 1435 2430; baseline 0 -24"><span class='ocrx_word' id='word_1_167' title='bbox 319 2359 375 2406; x_wconf 86' lang='lat' dir='ltr'>eos</span> <span class='ocrx_word' id='word_1_168' title='bbox 398 2337 489 2407; x_wconf 87' lang='lat' dir='ltr'>velle</span> <span class='ocrx_word' id='word_1_169' title='bbox 513 2338 695 2423; x_wconf 86' lang='lat' dir='ltr'>affirmare,</span> <span class='ocrx_word' id='word_1_170' title='bbox 722 2362 837 2408; x_wconf 90' lang='lat' dir='ltr'>omnes</span> <span class='ocrx_word' id='word_1_171' title='bbox 854 2340 1102 2430; x_wconf 86' lang='lat' dir='ltr'>cujuscumque</span> <span class='ocrx_word' id='word_1_172' title='bbox 1119 2338 1250 2428; x_wconf 83' lang='lat' dir='ltr'>gradus</span> <span class='ocrx_word' id='word_1_173' title='bbox 1265 2345 1303 2408; x_wconf 85' lang='lat' dir='ltr'>et</span> <span class='ocrx_word' id='word_1_174' title='bbox 1323 2339 1435 2428; x_wconf 84' lang='lat' dir='ltr'>digni·</span> 
     </span>
     <span class='ocr_line' id='line_1_22' title="bbox 319 2444 1434 2536; baseline 0.004 -25"><span class='ocrx_word' id='word_1_175' title='bbox 319 2444 406 2512; x_wconf 87' lang='lat' dir='ltr'>tatis</span> <span class='ocrx_word' id='word_1_176' title='bbox 429 2446 472 2514; x_wconf 90' lang='lat' dir='ltr'>de</span> <span class='ocrx_word' id='word_1_177' title='bbox 492 2446 574 2536; x_wconf 87' lang='lat' dir='ltr'>jure</span> <span class='ocrx_word' id='word_1_178' title='bbox 595 2447 716 2516; x_wconf 93' lang='lat' dir='ltr'>divino</span> <span class='ocrx_word' id='word_1_179' title='bbox 738 2449 852 2516; x_wconf 88' lang='lat' dir='ltr'>teneri</span> <span class='ocrx_word' id='word_1_180' title='bbox 882 2448 925 2516; x_wconf 92' lang='lat' dir='ltr'>ad</span> <span class='ocrx_word' id='word_1_181' title='bbox 956 2447 1178 2516; x_wconf 90' lang='lat' dir='ltr'>obediendum</span> <span class='ocrx_word' id='word_1_182' title='bbox 1209 2447 1434 2516; x_wconf 84' lang='lat' dir='ltr'>Patriarohao</span> 
     </span>
     <span class='ocr_line' id='line_1_23' title="bbox 321 2555 836 2646; baseline 0.006 -26"><span class='ocrx_word' id='word_1_183' title='bbox 321 2573 451 2622; x_wconf 86' lang='lat' dir='ltr'>summo</span> <span class='ocrx_word' id='word_1_184' title='bbox 474 2575 557 2623; x_wconf 87' lang='lat' dir='ltr'>suae</span> <span class='ocrx_word' id='word_1_185' title='bbox 579 2561 691 2624; x_wconf 85' lang='lat' dir='ltr'>sectae</span> <span class='ocrx_word' id='word_1_186' title='bbox 715 2555 836 2646; x_wconf 87' lang='lat' dir='ltr'>capiti.</span> 
     </span>
    </p>

    <p class='ocr_par' dir='ltr' id='par_1_3' title="bbox 142 2661 1438 3723">
     <span class='ocr_line' id='line_1_24' title="bbox 386 2661 1434 2752; baseline 0.004 -24"><span class='ocrx_word' id='word_1_187' title='bbox 386 2661 429 2729; x_wconf 90' lang='lat' dir='ltr'>In</span> <span class='ocrx_word' id='word_1_188' title='bbox 461 2663 573 2732; x_wconf 84' lang='lat' dir='ltr'>altera</span> <span class='ocrx_word' id='word_1_189' title='bbox 599 2662 852 2732; x_wconf 84' lang='lat' dir='ltr'>Chaldaeorum</span> <span class='ocrx_word' id='word_1_190' title='bbox 876 2661 1163 2733; x_wconf 85' lang='lat' dir='ltr'>Nestorianorum</span> <span class='ocrx_word' id='word_1_191' title='bbox 1192 2663 1339 2752; x_wconf 89' lang='lat' dir='ltr'>synodo,</span> <span class='ocrx_word' id='word_1_192' title='bbox 1374 2685 1434 2733; x_wconf 91' lang='lat' dir='ltr'>an·</span> 
     </span>
     <span class='ocr_line' id='line_1_25' title="bbox 317 2769 1437 2860; baseline 0.004 -24"><span class='ocrx_word' id='word_1_193' title='bbox 317 2781 364 2852; x_wconf 78' lang='lat' dir='ltr'>&#39;no</span> <span class='ocrx_word' id='word_1_194' title='bbox 380 2769 458 2838; x_wconf 79' lang='grc'><strong>567.</strong></span> <span class='ocrx_word' id='word_1_195' title='bbox 474 2771 538 2838; x_wconf 89' lang='lat' dir='ltr'>sub</span> <span class='ocrx_word' id='word_1_196' title='bbox 549 2769 754 2839; x_wconf 87' lang='lat' dir='ltr'>Hezechiele</span> <span class='ocrx_word' id='word_1_197' title='bbox 768 2769 971 2860; x_wconf 86' lang='lat' dir='ltr'>patriarcha</span> <span class='ocrx_word' id='word_1_198' title='bbox 983 2769 1169 2855; x_wconf 85' lang='lat' dir='ltr'>celebrata,</span> <span class='ocrx_word' id='word_1_199' title='bbox 1185 2771 1373 2839; x_wconf 84' lang='lat' dir='ltr'>eanone13</span> <span class='ocrx_word' id='word_1_200' title='bbox 1390 2773 1437 2840; x_wconf 85' lang='lat' dir='ltr'>di-</span> 
     </span>
     <span class='ocr_line' id='line_1_26' title="bbox 142 2877 1437 2966; baseline 0.002 -21"><span class='ocrx_word' id='word_1_201' title='bbox 142 2881 290 2954; x_wconf 77' lang='lat' dir='ltr'><strong>lml)</strong></span> <span class='ocrx_word' id='word_1_202' title='bbox 321 2881 415 2946; x_wconf 89' lang='lat' dir='ltr'>otum</span> <span class='ocrx_word' id='word_1_203' title='bbox 437 2883 490 2946; x_wconf 90' lang='lat' dir='ltr'>est</span> <span class='ocrx_word' id='word_1_204' title='bbox 513 2878 584 2966; x_wconf 79' lang='lat'>(2):</span> <span class='ocrx_word' id='word_1_205' title='bbox 612 2878 718 2946; x_wconf 82' lang='lat' dir='ltr'>oHoo</span> <span class='ocrx_word' id='word_1_206' title='bbox 740 2879 831 2946; x_wconf 92' lang='lat' dir='ltr'>enim</span> <span class='ocrx_word' id='word_1_207' title='bbox 855 2877 1071 2946; x_wconf 84' lang='lat' dir='ltr'>ordinatione</span> <span class='ocrx_word' id='word_1_208' title='bbox 1095 2879 1235 2946; x_wconf 88' lang='lat' dir='ltr'>coelesti</span> <span class='ocrx_word' id='word_1_209' title='bbox 1260 2885 1437 2950; x_wconf 86' lang='lat' dir='ltr'>statutum</span> 
     </span>
     <span class='ocr_line' id='line_1_27' title="bbox 322 2986 1438 3077; baseline 0.008 -29"><span class='ocrx_word' id='word_1_210' title='bbox 322 3014 337 3048; x_wconf 78' lang='lat' dir='ltr'><em>n</em></span> <span class='ocrx_word' id='word_1_211' title='bbox 356 2991 421 3070; x_wconf 87' lang='lat' dir='ltr'>est,</span> <span class='ocrx_word' id='word_1_212' title='bbox 438 2990 479 3054; x_wconf 87' lang='lat' dir='ltr'>ut</span> <span class='ocrx_word' id='word_1_213' title='bbox 494 2986 608 3054; x_wconf 91' lang='lat' dir='ltr'>omnia</span> <span class='ocrx_word' id='word_1_214' title='bbox 627 2988 806 3075; x_wconf 80' lang='lat' dir='ltr'>(eorporis)</span> <span class='ocrx_word' id='word_1_215' title='bbox 821 2988 971 3056; x_wconf 88' lang='lat' dir='ltr'>membra</span> <span class='ocrx_word' id='word_1_216' title='bbox 983 2987 1103 3054; x_wconf 78' lang='lat' dir='ltr'>subter</span> <span class='ocrx_word' id='word_1_217' title='bbox 1119 2987 1232 3077; x_wconf 87' lang='lat' dir='ltr'>capite</span> <span class='ocrx_word' id='word_1_218' title='bbox 1246 2987 1331 3072; x_wconf 88' lang='lat' dir='ltr'>sint,</span> <span class='ocrx_word' id='word_1_219' title='bbox 1347 2995 1389 3056; x_wconf 87' lang='lat' dir='ltr'>et</span> <span class='ocrx_word' id='word_1_220' title='bbox 1404 2991 1438 3057; x_wconf 89' lang='lat' dir='ltr'>in</span> 
     </span>
     <span class='ocr_line' id='line_1_28' title="bbox 321 3095 1438 3185; baseline 0.009 -30"><span class='ocrx_word' id='word_1_221' title='bbox 321 3122 336 3156; x_wconf 75' lang='lat' dir='ltr'>n</span> <span class='ocrx_word' id='word_1_222' title='bbox 356 3095 446 3163; x_wconf 91' lang='lat' dir='ltr'>illud</span> <span class='ocrx_word' id='word_1_223' title='bbox 474 3095 683 3184; x_wconf 87' lang='lat' dir='ltr'>respiciant,</span> <span class='ocrx_word' id='word_1_224' title='bbox 709 3096 823 3185; x_wconf 88' lang='lat' dir='ltr'>ipsum</span> <span class='ocrx_word' id='word_1_225' title='bbox 846 3101 961 3164; x_wconf 88' lang='lat' dir='ltr'>autem</span> <span class='ocrx_word' id='word_1_226' title='bbox 985 3098 1117 3184; x_wconf 81' lang='lat' dir='ltr'>(caput)</span> <span class='ocrx_word' id='word_1_227' title='bbox 1138 3095 1288 3163; x_wconf 89' lang='lat' dir='ltr'>omnium</span> <span class='ocrx_word' id='word_1_228' title='bbox 1317 3119 1438 3166; x_wconf 90' lang='lat' dir='ltr'>ouran</span> 
     </span>
     <span class='ocr_line' id='line_1_29' title="bbox 321 3202 1438 3292; baseline 0.004 -27"><span class='ocrx_word' id='word_1_229' title='bbox 321 3209 389 3272; x_wconf 78' lang='lat' dir='ltr'>net</span> <span class='ocrx_word' id='word_1_230' title='bbox 411 3202 747 3271; x_wconf 87' lang='lat' dir='ltr'>administrationem</span> <span class='ocrx_word' id='word_1_231' title='bbox 770 3209 882 3292; x_wconf 83' lang='lat' dir='ltr'>gerat.</span> <span class='ocrx_word' id='word_1_232' title='bbox 908 3203 998 3272; x_wconf 85' lang='lat' dir='ltr'>Nam</span> <span class='ocrx_word' id='word_1_233' title='bbox 1018 3203 1111 3268; x_wconf 76' lang='lat' dir='ltr'>nihil</span> <span class='ocrx_word' id='word_1_234' title='bbox 1128 3217 1176 3292; x_wconf 73' lang='lat' dir='ltr'>est</span> <span class='ocrx_word' id='word_1_235' title='bbox 1192 3204 1305 3292; x_wconf 81' lang='lat' dir='ltr'>capite</span> <span class='ocrx_word' id='word_1_236' title='bbox 1329 3203 1438 3270; x_wconf 76' lang='lat' dir='ltr'>altius</span> 
     </span>
     <span class='ocr_line' id='line_1_30' title="bbox 321 3310 1438 3403; baseline 0.009 -32"><span class='ocrx_word' id='word_1_237' title='bbox 321 3337 336 3371; x_wconf 76' lang='lat' dir='ltr'><em>n</em></span> <span class='ocrx_word' id='word_1_238' title='bbox 354 3325 491 3399; x_wconf 82' lang='lat' dir='ltr'>praeter</span> <span class='ocrx_word' id='word_1_239' title='bbox 502 3312 621 3393; x_wconf 81' lang='lat' dir='ltr'>Deum,</span> <span class='ocrx_word' id='word_1_240' title='bbox 633 3310 694 3403; x_wconf 91' lang='lat' dir='ltr'>qui</span> <span class='ocrx_word' id='word_1_241' title='bbox 708 3316 762 3379; x_wconf 88' lang='lat' dir='ltr'>est</span> <span class='ocrx_word' id='word_1_242' title='bbox 776 3317 851 3379; x_wconf 87' lang='lat' dir='ltr'>tum</span> <span class='ocrx_word' id='word_1_243' title='bbox 869 3310 996 3400; x_wconf 85' lang='lat' dir='ltr'>capitis</span> <span class='ocrx_word' id='word_1_244' title='bbox 1011 3314 1085 3378; x_wconf 85' lang='lat' dir='ltr'>tum</span> <span class='ocrx_word' id='word_1_245' title='bbox 1102 3311 1331 3378; x_wconf 89' lang='lat' dir='ltr'>membrorum</span> <span class='ocrx_word' id='word_1_246' title='bbox 1343 3334 1438 3381; x_wconf 88' lang='lat' dir='ltr'>crea·</span> 
     </span>
     <span class='ocr_line' id='line_1_31' title="bbox 321 3420 548 3509; baseline -0.009 -21"><span class='ocrx_word' id='word_1_247' title='bbox 321 3427 422 3488; x_wconf 78' lang='lat' dir='ltr'>ntor.</span> <span class='ocrx_word' id='word_1_248' title='bbox 445 3448 460 3482; x_wconf 82' lang='lat' dir='ltr'>n</span> <span class='ocrx_word' id='word_1_249' title='bbox 488 3420 548 3509; x_wconf 85' lang='lat'><strong>(3).</strong></span> 
     </span>
     <span class='ocr_line' id='line_1_32' title="bbox 384 3525 1437 3617; baseline 0.004 -22"><span class='ocrx_word' id='word_1_250' title='bbox 384 3527 512 3596; x_wconf 88' lang='lat' dir='ltr'>Adhuc</span> <span class='ocrx_word' id='word_1_251' title='bbox 535 3527 678 3613; x_wconf 87' lang='lat' dir='ltr'>clarius,</span> <span class='ocrx_word' id='word_1_252' title='bbox 706 3527 737 3595; x_wconf 90' lang='lat' dir='ltr'>si</span> <span class='ocrx_word' id='word_1_253' title='bbox 760 3525 924 3617; x_wconf 86' lang='lat' dir='ltr'>possibile</span> <span class='ocrx_word' id='word_1_254' title='bbox 955 3532 1009 3596; x_wconf 86' lang='lat' dir='ltr'>est</span> <span class='ocrx_word' id='word_1_255' title='bbox 1039 3525 1170 3594; x_wconf 85' lang='lat' dir='ltr'>clarius</span> <span class='ocrx_word' id='word_1_256' title='bbox 1198 3525 1320 3616; x_wconf 85' lang='lat' dir='ltr'>loqui,</span> <span class='ocrx_word' id='word_1_257' title='bbox 1347 3527 1437 3598; x_wconf 85' lang='lat' dir='ltr'>haec</span> 
     </span>
     <span class='ocr_line' id='line_1_33' title="bbox 320 3633 1437 3723; baseline 0 -19"><span class='ocrx_word' id='word_1_258' title='bbox 320 3635 454 3704; x_wconf 86' lang='lat' dir='ltr'>veritas</span> <span class='ocrx_word' id='word_1_259' title='bbox 477 3636 707 3723; x_wconf 88' lang='lat' dir='ltr'>pronunciata</span> <span class='ocrx_word' id='word_1_260' title='bbox 730 3640 784 3704; x_wconf 88' lang='lat' dir='ltr'>est</span> <span class='ocrx_word' id='word_1_261' title='bbox 802 3637 840 3703; x_wconf 93' lang='lat' dir='ltr'>in</span> <span class='ocrx_word' id='word_1_262' title='bbox 856 3634 928 3703; x_wconf 85' lang='lat' dir='ltr'>alia</span> <span class='ocrx_word' id='word_1_263' title='bbox 943 3633 1193 3703; x_wconf 84' lang='lat' dir='ltr'>Chaldaeorum</span> <span class='ocrx_word' id='word_1_264' title='bbox 1210 3634 1437 3704; x_wconf 84' lang='lat' dir='ltr'>Nestoriano-</span> 
     </span>
    </p>
   </div>
   <div class='ocr_carea' id='block_1_3' title="bbox 318 3831 1437 4260">
    <p class='ocr_par' dir='ltr' id='par_1_4' title="bbox 318 3831 1437 4260">
     <span class='ocr_line' id='line_1_34' title="bbox 391 3831 806 3910; baseline 0.002 -22"><span class='ocrx_word' id='word_1_265' title='bbox 391 3831 433 3910; x_wconf 89' lang='lat'>(1)</span> <span class='ocrx_word' id='word_1_266' title='bbox 451 3834 519 3889; x_wconf 79' lang='lat' dir='ltr'>(lod.</span> <span class='ocrx_word' id='word_1_267' title='bbox 532 3835 651 3889; x_wconf 87' lang='lat' dir='ltr'>XXVII.</span> <span class='ocrx_word' id='word_1_268' title='bbox 665 3851 730 3903; x_wconf 76' lang='lat' dir='ltr'>pag.</span> <span class='ocrx_word' id='word_1_269' title='bbox 745 3837 806 3890; x_wconf 81' lang='grc'><strong>277.</strong></span> 
     </span>
     <span class='ocr_line' id='line_1_35' title="bbox 351 3925 719 4004; baseline -0.005 -24"><span class='ocrx_word' id='word_1_270' title='bbox 351 4001 352 4004; x_wconf 8' lang='lat'>¹</span> <span class='ocrx_word' id='word_1_271' title='bbox 390 3925 432 4003; x_wconf 82' lang='lat'>(2)</span> <span class='ocrx_word' id='word_1_272' title='bbox 450 3925 559 3980; x_wconf 90' lang='lat' dir='ltr'>Ibidem</span> <span class='ocrx_word' id='word_1_273' title='bbox 578 3941 642 3995; x_wconf 79' lang='lat' dir='ltr'>pag.</span> <span class='ocrx_word' id='word_1_274' title='bbox 657 3927 719 3980; x_wconf 85' lang='lat'><strong>370.</strong></span> 
     </span>
     <span class='ocr_line' id='line_1_36' title="bbox 390 4015 1437 4090; baseline 0.001 -18"><span class='ocrx_word' id='word_1_275' title='bbox 390 4015 432 4090; x_wconf 78' lang='grc'>(3)</span> <span class='ocrx_word' id='word_1_276' title='bbox 450 4015 538 4071; x_wconf 89' lang='lat' dir='ltr'>Vides</span> <span class='ocrx_word' id='word_1_277' title='bbox 556 4018 603 4070; x_wconf 91' lang='lat' dir='ltr'>hic</span> <span class='ocrx_word' id='word_1_278' title='bbox 622 4019 796 4084; x_wconf 84' lang='lat' dir='ltr'>praeclaram</span> <span class='ocrx_word' id='word_1_279' title='bbox 814 4019 892 4072; x_wconf 88' lang='lat' dir='ltr'>inter</span> <span class='ocrx_word' id='word_1_280' title='bbox 913 4019 1065 4072; x_wconf 80' lang='lat' dir='ltr'>humanum</span> <span class='ocrx_word' id='word_1_281' title='bbox 1084 4021 1169 4086; x_wconf 83' lang='lat' dir='ltr'>ceput</span> <span class='ocrx_word' id='word_1_282' title='bbox 1189 4019 1218 4071; x_wconf 84' lang='lat' dir='ltr'>et</span> <span class='ocrx_word' id='word_1_283' title='bbox 1231 4031 1372 4081; x_wconf 77' lang='lat' dir='ltr'>summum</span> <span class='ocrx_word' id='word_1_284' title='bbox 1388 4019 1437 4074; x_wconf 82' lang='lat' dir='ltr'>Ee·</span> 
     </span>
     <span class='ocr_line' id='line_1_37' title="bbox 321 4105 1437 4174; baseline -0.001 -13"><span class='ocrx_word' id='word_1_285' title='bbox 321 4109 424 4162; x_wconf 82' lang='lat' dir='ltr'>clasiae</span> <span class='ocrx_word' id='word_1_286' title='bbox 448 4109 601 4174; x_wconf 81' lang='lat' dir='ltr'>pastorem,</span> <span class='ocrx_word' id='word_1_287' title='bbox 622 4107 870 4174; x_wconf 83' lang='lat' dir='ltr'>comparationem.</span> <span class='ocrx_word' id='word_1_288' title='bbox 889 4107 963 4160; x_wconf 77' lang='lat' dir='ltr'>Note</span> <span class='ocrx_word' id='word_1_289' title='bbox 982 4106 1075 4160; x_wconf 89' lang='lat' dir='ltr'>illud:</span> <span class='ocrx_word' id='word_1_290' title='bbox 1097 4107 1182 4158; x_wconf 75' lang='lat' dir='ltr'>Nihil</span> <span class='ocrx_word' id='word_1_291' title='bbox 1197 4105 1338 4172; x_wconf 65' lang='lat' dir='ltr'>cacapite</span> <span class='ocrx_word' id='word_1_292' title='bbox 1351 4109 1437 4160; x_wconf 71' lang='lat' dir='ltr'>alliun</span> 
     </span>
     <span class='ocr_line' id='line_1_38' title="bbox 318 4198 541 4260; baseline 0.004 -13"><span class='ocrx_word' id='word_1_293' title='bbox 318 4203 431 4260; x_wconf 77' lang='lat' dir='ltr'>praeter</span> <span class='ocrx_word' id='word_1_294' title='bbox 444 4198 541 4248; x_wconf 75' lang='lat' dir='ltr'>Deum·</span> 
     </span>
    </p>
   </div>
   <div class='ocr_carea' id='block_1_4' title="bbox 0 0 1508 4672">
    <p class='ocr_par' dir='ltr' id='par_1_5' title="bbox 0 0 1508 4672">
     <span class='ocr_line' id='line_1_39' title="bbox 0 0 1508 4672; baseline 0 0"><span class='ocrx_word' id='word_1_295' title='bbox 0 0 1508 4672; x_wconf 95' lang='lat' dir='ltr'> </span> 
     </span>
    </p>
   </div>
  </div>
 </body>
</html>
