3006 4672
575 404 609 478 §-
626 399 659 465 2.

50 612 179 679 Primo
195 613 298 678 series
316 613 585 678 testimoniorum
602 636 643 681 ea·
655 614 773 682 Libris
786 616 977 708 Liturqicio
990 617 1176 708 desumpto.

121 825 314 895 Videamus
326 827 437 916 primo
451 826 535 916 quid
547 825 633 894 libri
645 826 894 896 Chaldaeorum
908 831 1071 920 liturgici
1087 832 1181 901 circa

48 935 154 1001 Petri
171 934 321 1024 apostoli
337 934 612 1024 praerogativas
626 934 759 1003 dicant.
779 938 903 1029 Itaque
924 938 962 1005 in
976 941 1085 1008 officio
1101 962 1180 1031 apo·

50 1043 226 1110 stolorum
249 1043 347 1111 Petri
370 1050 405 1110 et
427 1042 532 1110 Pauli
556 1043 593 1109 in
617 1044 768 1112 secundo
791 1051 961 1114 nocturno
985 1049 1034 1135 (1)
1059 1049 1110 1118 sic
1125 1071 1179 1117 ca·

49 1150 110 1216 nit
131 1150 304 1219 Ecclesia:
337 1150 472 1219 adesus
495 1151 532 1217 in
557 1173 619 1218 suo
643 1151 838 1240 Evangelio
868 1153 961 1220 dixit
983 1154 1098 1223 Petro:
1126 1155 1181 1223 Tu
1212 1163 1292 1235 Ad

52 1286 68 1322 n
87 1281 128 1328 es
144 1264 260 1348 petra,
275 1279 379 1346 super
395 1279 498 1348 quam
509 1257 669 1325 Ecclesia
685 1279 760 1325 mea
775 1259 1031 1328 aedificabitur.
1049 1289 1065 1322 n
1080 1262 1128 1329 Et
1143 1261 1181 1328 in

52 1367 238 1456 completis
262 1365 416 1454 ejusdem
440 1365 543 1434 officii
560 1367 610 1451 (2)
628 1367 679 1434 sic
695 1367 900 1455 gratulatur
921 1369 1098 1438 Ecclesiae
1114 1370 1181 1438 Ro·

53 1496 190 1543 manae:
212 1503 228 1538 ι
245 1475 356 1541 Beata
371 1495 408 1541 es
423 1473 648 1542 celeberrima
663 1471 783 1558 Roma,
799 1477 930 1564 regalis
947 1460 1042 1561 urbs,
1059 1479 1183 1566 Spooei
1212 1477 1260 1546 B

56 1609 71 1643 e
91 1582 247 1647 eoelestis
273 1580 407 1646 ancillo
430 1579 494 1667 (3),
518 1580 555 1647 in
572 1602 640 1670 qua
657 1581 750 1648 sicut
765 1580 802 1647 in
819 1603 898 1650 arce
915 1582 1076 1651 collocati
1100 1591 1183 1652 sunt

56 1715 70 1748 o
91 1688 163 1756 duo
185 1709 328 1756 veraces
342 1708 539 1776 praecones,
558 1686 684 1754 Petrus
708 1687 769 1754 ille
786 1689 847 1778 qui
864 1695 918 1756 est
935 1688 1187 1778 Apostolorum

57 1821 72 1856 n
91 1795 256 1884 princeps
279 1799 350 1880 (eeu
374 1795 506 1883 caput),
533 1816 637 1883 super
660 1793 762 1882 cujus
792 1794 994 1864 firmitatem
1018 1796 1183 1866 Salvator

57 1929 71 1963 n
90 1907 213 1970 noster
231 1900 425 1970 Ecclesiam
441 1923 539 1968 auam
555 1899 692 1968 fidelem
708 1901 951 1988 aedificavit3n
970 1908 1037 1971 eto.
1053 1903 1095 1970 In
1111 1903 1182 1992 pri-

54 2033 106 2078 mo
123 2016 242 2079 autam
259 2015 430 2077 nocturno
446 2007 601 2096 ejusdem
623 2007 725 2076 oflicii
742 2009 792 2095 (4)
804 1997 862 2076 'sic
878 2009 1020 2078 Petrum
1035 2009 1180 2100 alloqui·

52 2125 125 2186 tur:
145 2145 162 2180 ιι
175 2116 311 2185 Beatus
331 2139 369 2184 es
385 2114 516 2199 Simon,
535 2113 694 2182 thesauri
711 2107 855 2202 (dirimi)
871 2114 1103 2204 dispensator,
1122 2115 1188 2206 qui·
1212 2109 1249 2182 (i

55 2223 209 2292 releves
233 2222 337 2312 regni
359 2223 541 2310 (coelestio)
563 2228 672 2305 tenes-3
698 2227 735 2288 et
753 2243 973 2312 superquam
997 2222 1182 2290 fundatum
1246 2229 1256 2308 J

58 2337 147 2398 nest
169 2329 368 2398 aedificium
391 2327 569 2396 Ecclesiae
583 2333 736 2396 sanotae.
756 2329 811 2396 Tu
827 2329 918 2395 enim
941 2351 978 2396 es
1001 2328 1184 2397 firmitatis

59 2445 207 2527 npetra,
225 2442 328 2528 teque
351 2442 393 2505 ut
416 2435 683 2503 fundamentum
707 2427 981 2504 Dominus'tuus
997 2435 1184 2504 constituit

59 2574 74 2608 ιι
92 2545 264 2614 Ecclesiis
280 2545 366 2628 suis,
381 2543 493 2612 atilli
510 2543 570 2634 qui
587 2543 781 2611 ministerio
797 2550 857 2610 tuo
869 2543 1087 2632 ¹funguntur,
1105 2565 1182 2612 eon-

61 2680 75 2712 ιι
94 2657 238 2722 struant
253 2650 514 2735 confessionem,
532 2649 624 2718 omni
639 2649 858 2718 dubitatione
869 2657 1061 2736 carentem,
1081 2671 1184 2720 verae

62 2787 76 2822 ι
95 2759 190 2828 fidei.
208 2785 224 2821 n
243 2759 413 2827 Testatur
435 2753 614 2844 autem'gin
635 2755 746 2845 primo
764 2757 844 2823 talo
856 2757 1004 2826 secundi
1019 2757 1183 2827 nocturni

61 2866 215 2955 ejusdem
244 2865 349 2934 officii
375 2866 426 2952 (ὅ)
454 2865 544 2957 quod
573 2862 737 2932 Christus
766 2864 921 2950 Petrum,
954 2866 1068 2956 aquia
1090 2864 1184 2934 vidit
1213 2871 1262 2942 l)

63 2999 77 3034 n
99 2995 247 3043 amorem
268 2971 359 3061 ejus,
373 2970 560 3041 constituit
583 2976 691 3060 caput
714 2971 836 3060 gregis
859 2971 926 3039 oui.
943 2999 960 3034 n
978 2972 1021 3038 In
1037 2972 1183 3062 septimo

62 3086 175 3148 autem
200 3079 281 3146 tolo
298 3079 350 3167 (6)
372 3077 598 3170 sequentibus
620 3076 737 3146 verbis
760 3077 920 3146 Ecclesia
943 3079 1120 3148 invitatur
1138 3077 1183 3156 ad

61 3185 203 3254 Petrum
232 3183 457 3253 laudandum:
489 3213 506 3248 ιι
535 3183 664 3251 Sancta
686 3181 869 3266 Ecclesia,
893 3204 976 3250 cane
999 3181 1122 3250 laudes
1145 3181 1183 3249 in
1212 3183 1253 3251 lt

130 3361 172 3437 (1)
191 3363 258 3418 Ood.
273 3364 349 3417 XLI.
368 3362 446 3416 iuter
464 3378 552 3417 novos
577 3364 606 3418 S.
617 3361 722 3428 congr.
738 3361 772 3415 de
785 3359 1053 3430 Propamnderide
1066 3361 1182 3416 (tudites

67 3453 98 3506 de
115 3455 220 3522 quibua
239 3454 270 3506 iu
283 3453 504 3520 Proleqomeotr'a·
516 3468 581 3521 pag.
594 3452 658 3505 371.
678 3452 717 3504 ut
738 3451 779 3504 aie
799 3451 831 3503 iu
848 3453 910 3504 toto
923 3449 1008 3518 hujus
1029 3450 1124 3518 operia
1136 3450 1182 3506 de·

66 3559 160 3614 eursu,
180 3543 346 3611 ubieunque
374 3542 489 3597 (lodices
518 3543 648 3596 absolute
670 3540 811 3609 citantur,
832 3539 1038 3606 iutelligantur
1063 3541 1096 3594 hi
1114 3543 1183 3596 novi

67 3631 94 3685 3.
107 3634 194 3700 cong.
208 3633 243 3686 da
258 3634 342 3702 Prop.
356 3631 428 3685 Iide
446 3631 567 3687 codices.

132 3721 176 3798 (2)
194 3723 304 3778 Ibidem
322 3739 388 3792 pag.
401 3723 464 3774 344.

132 3810 173 3885 (3)
192 3811 267 3868 Nota
286 3812 443 3878 diligenter
461 3812 536 3866 hune
557 3812 684 3879 mulum,
707 3810 802 3865 datum
823 3809 967 3865 Ecclesiae
984 3811 1127 3866 Romanae
1148 3811 1183 3864 ab

70 3899 191 3958 Ecclesia
209 3903 374 3958 (lhaldaIca.

133 3991 174 4066 (4)
193 3993 303 4048 Ibidem
323 4010 388 4062 pag.
404 3994 466 4046 348.

134 4079 174 4154 (ὅ)
193 4082 303 4136 Ibidem
321 4099 388 4151 pag.
403 4081 465 4135 334.

134 4169 174 4242 (t)
194 4171 305 4226 Ibidem
323 4187 388 4240 pag.
404 4170 467 4224 375.
