3018 4672
347 134 383 178 nr
406 134 605 180 oonrrausr.
627 132 739 178 nnncr.
758 131 901 181 sersoos.
1142 109 1184 178 81

51 246 232 314 honorem
246 296 254 331 ,
267 245 405 314 nonum
435 243 611 313 Ecclesiae
641 243 789 312 maxime
816 241 985 332 pendere,
1011 242 1184 312 videntes·

51 376 133 448 que
170 376 238 421 non
265 375 364 442 posse
398 352 439 422 de
470 357 566 422 reeta
603 375 721 420 eorum
751 351 972 420 institutione
1003 350 1184 420 certitudi-

49 483 141 528 nem
167 460 300 544 haberi,
317 460 387 528 nisi
409 459 541 528 Summi
565 461 732 544 Pastoris,
750 461 808 528 cui
825 482 911 528 onus
934 459 1104 528 incumbit
1126 482 1183 551 pa-

52 567 186 636 scendi
213 590 322 655 agnos
344 574 379 636 et
401 590 495 652 oves,
520 568 613 636 oculi
636 567 680 636 ad
703 567 802 636 illam
818 572 951 636 attente
966 566 1181 655 dirigantur,

52 699 103 744 ne
131 675 220 768 quid
243 675 357 744 minus
381 682 515 744 rectum
538 677 576 744 in
598 697 639 742 ea
662 676 820 760 eveniat,
846 676 1007 744 lubenter
1040 698 1101 744 suo
1124 699 1182 766 pa-

51 781 245 850 triarchae
269 781 350 849 olim
365 781 523 870 episeopo
539 781 751 850 Seleuciensi
766 782 888 872 etjam
905 806 967 872 pro
983 783 1033 850 eis
1051 806 1182 852 summo

52 889 240 960 sacerdoti
261 889 344 976 jura
367 889 528 978 Supremi
547 889 703 958 Pastoris
727 897 980 974 concesserunt,
996 913 1082 982 quae
1104 890 1181 958 nul·

51 997 94 1065 10
110 996 216 1065 modo
237 995 294 1064 illi
310 1002 353 1065 ut
368 996 588 1086 patriarchae
612 999 861 1087 competebant.
881 998 979 1066 Inter
992 1020 1071 1065 suos
1090 999 1182 1067 enim

53 1125 214 1173 canones
237 1103 367 1171 habent
390 1109 600 1194 sequentem,
619 1105 740 1172 Isaaeo
755 1105 977 1194 patriarchae
993 1105 1179 1191 tributum,

52 1215 104 1280 ab
142 1213 370 1303 omnibusque
405 1199 595 1281 canonistis
629 1212 798 1298 citatum,
832 1213 892 1305 qui
920 1213 972 1280 ita
999 1217 1099 1300 sonat
1115 1212 1177 1299 (1):

57 1351 76 1387 a
95 1321 223 1390 Novus
247 1322 428 1412 episcopus
451 1326 570 1410 postea
594 1320 696 1407 (idest
721 1336 904 1413 postquam
928 1323 1049 1388 electus
1073 1335 1105 1386 et
1128 1345 1179 1386 or·
1212 1323 1299 1437 ΒΞ

56 1457 75 1492 n
97 1428 245 1496 dinatus
255 1428 386 1516 fcerit)
412 1427 513 1496 debet
535 1451 648 1498 coram
661 1452 785 1518 magno
801 1429 1021 1520 metropolita
1031 1431 1179 1521 primate

56 1565 76 1599 n
98 1536 282 1604 Seleuciae
305 1541 341 1604 et
363 1535 600 1625 Ctesiphontis
616 1536 750 1620 sistere,
769 1545 805 1605 et
820 1539 863 1604 ab
879 1560 918 1606 eo
934 1538 1180 1627 perfectionem

57 1673 76 1708 n
96 1666 163 1712 seu
186 1642 481 1711 confirmationem
504 1642 671 1733 accipere.
689 1671 705 1704 n
732 1644 775 1710 In
804 1645 937 1733 synodo
967 1650 1085 1712 autem
1116 1645 1179 1713 sub

52 1749 270 1820 Hezechiele
293 1748 496 1840 patriarcha
519 1771 607 1818 anno
632 1750 697 1818 567
720 1750 854 1835 habita,
879 1751 964 1820 haec
987 1751 1043 1818 lex
1067 1752 1179 1842 magis

53 1859 239 1950 explicata
261 1857 346 1926 fuit.
361 1856 543 1926 Statutum
566 1859 657 1928 enim
681 1859 1067 1946 estoanone19(2)ut:
1089 1860 1179 1929 allli
1208 1840 1288 1950 ΞΎ

57 1994 74 2028 n
94 1964 161 2058 qui
185 1965 231 2032 ad
247 1963 465 2054 episcopatus
481 1964 629 2052 gradum
653 1971 834 2050 vocantur,
852 1988 914 2056 per
937 1988 1039 2034 suum
1055 1975 1177 2036 metro·

57 2102 74 2136 n
92 2073 245 2164 politam
268 2077 332 2140 aut
346 2094 407 2162 per
422 2071 659 2162 patriarcham
675 2079 738 2142 aut
754 2072 964 2142 alterutrius
979 2073 1125 2143 licentia
1140 2074 1177 2142 in

56 2208 73 2242 n
92 2179 243 2268 seriptis
266 2179 364 2262 data,
380 2178 536 2247 ordinari
559 2178 721 2262 debeant,
738 2179 944 2270 quicumque
967 2180 1106 2250 tandem
1130 2181 1178 2250 sit

57 2315 72 2349 n
92 2285 326 2370 ordinandus,
340 2285 393 2354 ita
415 2290 457 2354 ut
478 2308 541 2376 pro
565 2286 785 2376 metropolita
807 2287 865 2355 vel
887 2287 1090 2377 patriarcha
1112 2287 1175 2357 hu·
1260 2355 1264 2369 „

57 2423 72 2459 n
88 2393 250 2486 jusmodi
265 2393 409 2462 litterae
424 2394 467 2460 ab
484 2393 571 2482 ipsis
587 2394 738 2482 scriptae
756 2394 794 2462 in
809 2393 919 2462 medio
933 2402 1108 2484 ponantur
1123 2399 1176 2482 (ic

56 2519 178 2572 sactu
202 2501 449 2588 ordinationis)
458 2550 558 2582 .....
583 2507 626 2569 ut
648 2501 807 2590 legitima
838 2503 886 2570 sit
910 2502 1094 2572 ordinatio
1122 2504 1176 2574 Si·

58 2609 171 2680 nmul
201 2614 319 2676 autem
344 2607 658 2678 coordinationem
688 2605 806 2693 (nocue
830 2611 1016 2698 episcopus)
1039 2632 1174 2703 accepe-

58 2749 73 2782 η
92 2720 159 2802 rit,
176 2715 247 2784 cito
270 2715 512 2806 proficiscatur
529 2713 574 2783 ad
591 2716 824 2786 venerandum
838 2737 878 2785 ac
901 2717 1088 2791 videndum
1111 2721 1175 2790 Pa-

59 2823 302 2909 ntriarcham,
318 2829 359 2892 ut
386 2822 671 2913 complementum
695 2827 773 2909 (sea
796 2826 1110 2915 confirmationem)
1132 2831 1176 2900 ab

58 2933 215 3003 neodem
243 2930 394 3022 accipiat
419 2931 526 3020 juxta
556 2952 718 3001 canonem
750 2939 935 3004 statutum.
961 2933 1032 3017 Qui
1059 2942 1175 3005 autem

58 3071 74 3105 n
93 3045 236 3133 praeter
251 3040 343 3108 huno
368 3061 529 3108 canonem
538 3039 690 3109 ordinati
709 3041 853 3127 fuerint,
874 3043 985 3110 asnis
1006 3043 1180 3132 gradibus*

58 3181 74 3214 n
94 3148 257 3240 suspensi
279 3154 402 3234 suuto;
417 3147 478 3238 qui
497 3171 580 3217 vero
603 3170 661 3217 eos
684 3149 944 3236 ordinaverint,
971 3151 1097 3239 synodi
1117 3152 1174 3240 ju·

58 3288 75 3323 n
94 3257 188 3328 dieio
207 3256 357 3346 subjecti
379 3261 528 3324 erunt„
553 3255 666 3324 Juxta
688 3255 773 3326 haee
795 3279 864 3326 non
887 3257 1066 3350 dubitavit
1085 3257 1172 3326 Ebe-

58 3365 225 3455 djeshous
242 3363 402 3432 Sobensis
417 3363 456 3450 in
471 3363 607 3432 Nomos.
625 3378 724 3433 traca
739 3372 773 3432 8.
788 3391 824 3436 re.
842 3372 875 3432 9.
895 3365 944 3454 (3)
961 3363 1025 3432 hoc
1045 3364 1172 3454 princi·

57 3473 154 3564 pium
178 3477 344 3557 statuere,
373 3471 464 3563 quod
488 3471 625 3540 scilicet
650 3473 814 3558 «Canon,
842 3472 902 3564 qui
925 3472 1038 3564 exigit
1061 3474 1172 3562 perfe—
1207 3479 1302 3623 Ρ)

59 3606 77 3642 n
96 3579 246 3650 ctionem
276 3583 353 3665 (sec
377 3578 691 3665 confirmationem)
715 3601 736 3646 a
766 3579 973 3648 Patriarcha
1002 3580 1172 3672 episcopis
1257 3518 1269 3652 i

60 3685 266 3770 edendam,
300 3685 546 3754 strictissimus
569 3693 635 3756 est.
663 3687 745 3756 Ideo
768 3710 837 3756 non
866 3687 953 3758 licet
982 3688 1038 3756 illi
1068 3691 1174 3781 quia

61 3792 317 3884 „metropolita
344 3792 551 3880 ordinatur,
577 3802 640 3880 ut,
667 3801 850 3886 antequam
880 3818 994 3865 coram
1017 3797 1172 3866 Patriar·

129 3953 170 4032 (1)
181 3955 264 4025 Apud
286 3957 374 4011 Ebed.
396 3956 513 4010 Sobens.

128 4043 170 4120 (2)
183 4047 248 4102 θοὰ.
264 4048 384 4102 XXVII.
400 4063 465 4116 pag,
483 4047 560 4126 373„
671 4121 675 4130 .

129 4136 170 4212 (3)
182 4138 266 4208 Apud
282 4139 387 4208 Mujum
405 4153 469 4206 pag.
485 4139 547 4191 305.
