3018 4672
421 163 610 208 onrnruinns
633 163 927 208 corsrnnnrrrouns
1182 139 1225 208 89

100 271 279 362 splendet,
295 272 603 342 Schismaticorum
625 279 823 342 nostrorum
846 273 951 342 duces
974 272 1227 342 indiscretadi-

106 385 269 449 ctaturae
277 380 442 470 cupidine
450 381 653 472 abjectaque
662 381 851 470 tyrannide
859 387 901 449 ut
909 381 1099 471 plurimum
1107 381 1228 450 distin-

106 495 280 577 guantur.
296 489 377 558 Illic
393 489 588 578 paternitas
613 512 689 557 cum
714 489 857 579 imperio
879 490 1026 557 mirifice
1046 489 1227 581 conjungi·
1314 535 1315 544 κ

104 599 182 680 tur,
199 595 257 664 hic
273 596 358 665 vilis
375 596 552 685 cupiditas
567 617 589 662 a
604 596 838 664 dominatione
853 618 934 664 raro
949 604 1143 686 separatur.

175 702 210 770 2.
235 702 382 771 Interim
404 703 510 771 liceat
533 702 768 786 considerare,
795 708 962 793 quantum
987 703 1051 771 hoe
1074 703 1227 772 unitatis

106 831 171 876 seu
196 811 478 874 concentu-ationis
503 808 727 898 principium,
754 809 845 899 quod
870 807 1093 877 Schismatici
1116 811 1228 878 nostri

105 939 150 984 ex
173 915 351 984 Ecclesiae
375 916 456 983 sinu
478 915 713 1004 egredientes,
740 917 783 982 ab
806 937 846 983 ea
869 915 1022 984 mutuati
1046 923 1143 1002 sunt,
1170 941 1228 988 ecs

104 1023 255 1111 juverit.
280 1017 365 1092 Hac'
378 1024 470 1091 enim
494 1024 736 1114 potentissima
758 1023 909 1092 unitatis
926 1045 1006 1092 arae
1022 1025 1160 1110 muniti,
1175 1027 1227 1095 vi-

106 1139 180 1200 tam
212 1133 398 1223 aliqualem
426 1155 487 1222 per
511 1131 628 1201 secula
650 1131 795 1218 ducere;
822 1132 1111 1218 destructionem,
1139 1117 1227 1224 quae

107 1263 209 1308 omne
230 1241 426 1310 aedificium
450 1242 676 1336 fundamento
692 1263 812 1309 carens
830 1241 997 1324 imminet,
1018 1241 1145 1328 vitare;
1164 1241 1227 1309 ali·

106 1336 178 1440 quo
201 1355 353 1438 tempore
375 1349 550 1416 luxuriem
575 1349 747 1440 quandam
771 1355 957 1435 ostentare,
980 1371 1110 1416 omnem
1133 1349 1227 1418 deni-

107 1479 177 1548 que
201 1456 400 1525 scissionem
422 1464 457 1524 et
476 1456 694 1541 divisionem,
717 1456 777 1526 vix
801 1462 919 1524 natam
941 1456 1147 1546 extinguere
1171 1479 1228 1547 po·

105 1569 266 1632 tuerunt.
301 1561 379 1630 Non
402 1563 543 1652 propria
572 1563 686 1652 igitur
713 1569 751 1631 et
776 1563 992 1648 intrinseca,
1026 1585 1128 1654 quam
1161 1585 1230 1631 non

106 1671 301 1755 habebant,
327 1693 391 1738 nec
414 1670 540 1738 habere
566 1676 738 1759 poterant,
767 1671 904 1758 virtus;
931 1672 989 1740 sed
1015 1671 1228 1761 principium

107 1777 302 1846 catholicae
317 1778 467 1846 unitatis
484 1778 574 1870 quod
590 1778 658 1846 sibi
670 1779 907 1868 applicarunt,
922 1779 1006 1848 licet
1023 1779 1123 1847 illius
1135 1779 1230 1870 puri-

106 1885 198 1954 tatis
221 1885 360 1974 indigni
384 1892 509 1970 essent,
532 1886 642 1953 vitam
652 1891 695 1954 et
709 1883 858 1954 salutem
877 1887 1058 1978 quamdam
1077 1887 1152 1954 illis
1168 1887 1229 1952 im-

106 1993 242 2082 pertita
264 1999 337 2079 est3
364 1993 645 2084 quemadmodum
669 1993 729 2062 Sol
753 1994 961 2084 ubicumque
984 1995 1109 2078 oritur,
1131 2015 1230 2062 suam

108 2101 273 2190 producit
297 2101 474 2172 vivificam
497 2101 684 2185 actionem,
710 2101 850 2169 etiamsi
872 2101 1051 2170 immunda
1074 2100 1153 2190 ejus
1177 2124 1230 2170 ra-

108 2209 188 2278 dios
211 2209 287 2277 loca
311 2208 495 2298 recipiant.

180 2316 213 2384 3.
227 2316 282 2383 Ex
306 2315 362 2383 his
382 2314 538 2382 omnibus
555 2337 643 2406 quae
660 2316 898 2404 superioribus
914 2314 1146 2405 paragraphis
1162 2315 1231 2384 dis·

110 2423 296 2508 senuimus,
313 2423 392 2492 luce
409 2421 602 2491 meridiana
618 2422 750 2491 clarius
774 2428 922 2506 constat,
943 2421 1232 2511 Syrochaldaicos

110 2532 267 2624 populos,
286 2552 493 2622 quamquam
504 2529 641 2598 haeresi
657 2531 818 2613 infectos,
833 2529 947 2597 omnia
963 2532 1036 2598 lere
1049 2529 1133 2618 jura
1145 2551 1232 2622 quae

107 2641 217 2728 juxta
230 2637 423 2706 catholicae
433 2637 612 2706 doctrinae
622 2637 807 2706 veritatem
818 2637 956 2704 Summo
965 2637 1142 2706 Ecclesiae
1150 2638 1233 2705 Pon·

111 2747 203 2816 tifici
216 2750 426 2836 competunt,
437 2751 513 2813 tum
526 2743 607 2832 jure
619 2750 693 2812 tum
706 2745 801 2811 facto
814 2765 1012 2834 agnoscere;
1027 2744 1106 2814 inde
1118 2750 1233 2814 autem

112 2856 167 2940 fit,
184 2853 275 2946 quod
299 2877 375 2922 cum
398 2853 600 2922 Nestoriani
619 2860 655 2922 et
669 2853 693 2920 J
694 2852 850 2921 acobitae
866 2853 910 2920 ad
925 2852 1104 2922 Ecclesiae
1121 2853 1234 2921 sinum

111 2959 228 3032 redire
243 2962 366 3046 velint,
376 2961 490 3053 quoad
503 2961 567 3030 hoc
580 2983 760 3052 supremae
778 2961 1003 3030 auctoritatis
1023 2967 1139 3051 caput,
1152 2982 1233 3028 non·

111 3072 184 3140 nisi
196 3072 382 3160 subjectum
392 3071 430 3138 in
443 3093 510 3162 quo
522 3069 613 3138 illud
625 3069 788 3154 resideat,
799 3070 983 3138 immutare
995 3070 1153 3151 debeant,
1164 3055 1233 3132 ma-

111 3188 218 3250 nente
241 3180 395 3270 ejusdem
426 3180 555 3267 objecto
586 3179 676 3270 quod
707 3185 827 3247 tenent
855 3180 928 3247 fere
950 3177 1100 3266 integro.
1132 3176 1233 3246 Nunc

111 3296 230 3358 autem
253 3287 481 3356 admiratione
505 3287 654 3378 quadam
677 3277 837 3355 commoti
861 3285 1078 3377 quaerimus:
1105 3283 1144 3350 Si
1166 3283 1233 3352 Ne·

112 3395 347 3465 storianorum
371 3399 477 3483 caput
503 3393 736 3462 immediatam
760 3392 1060 3482 universalemque
1083 3391 1234 3460 auctori·

111 3512 222 3573 tatem
245 3503 340 3572 ultro
356 3501 572 3594 libenterque
588 3501 695 3569 asuis
708 3501 914 3568 credebatur
926 3499 1053 3566 habere
1067 3497 1105 3565 iu
1117 3520 1233 3566 omnes
1314 3487 1317 3492 ’

112 3619 152 3682 et
174 3611 334 3701 singulos
356 3609 512 3678 homines
529 3609 778 3698 cujuscumque
793 3597 947 3676 nationis
963 3612 1000 3674 et
1014 3605 1082 3674 loci
1099 3607 1159 3698 qui
1176 3629 1233 3674 ne-

115 3719 377 3788 storianismum
393 3718 652 3809 profiterentur,
672 3716 748 3784 sive
763 3719 877 3784 essent
893 3713 1058 3804 episcopi,
1077 3713 1154 3782 sive
1169 3712 1235 3783 cle·

111 3825 193 3910 rici,
212 3826 289 3894 aive
311 3824 406 3908 laici,
426 3825 487 3916 qui
502 3824 545 3891 fit
561 3830 600 3892 ut
615 3823 732 3892 eadem
749 3821 873 3889 saltem
889 3821 1082 3889 auotoritas
1098 3820 1236 3888 Summo

110 3933 373 4003 Catholicorum
396 3931 558 4001 Pontifici
581 3930 619 3999 in
642 3952 756 3999 omnes
780 3930 839 4022 qui
856 3929 1135 3998 catholicismum
1158 3950 1235 4017 pro-

113 4045 264 4112 fitentur
279 4042 390 4133 possit
409 4063 430 4108 a
446 4040 630 4111 catholicis
642 4039 729 4130 ipsis
745 4037 929 4128 dtnegari?
941 4038 1012 4106 Cur
1029 4060 1106 4106 cum
1122 4035 1238 4122 diver-x

115 4151 206 4220 sitas
218 4150 421 4242 populorum
437 4156 473 4218 et
488 4149 670 4239 regionum
682 4170 750 4216 non
762 4148 878 4237 potuit
892 4145 1010 4230 unius,
1025 4144 1109 4212 lieet
1120 4141 1234 4231 illegi-
