3018 4672
367 133 407 175 nn
432 133 472 174 aa
496 131 537 176 uo
560 132 739 176 sarnanum
764 134 912 183 unaunsr
1152 114 1195 180 79

64 269 83 302 n
108 241 278 330 pertinet,
300 241 414 331 ipsius
432 249 547 311 autam
566 243 751 332 judicium,
767 246 811 313 ad
834 245 1025 314 Christum.
1043 247 1143 328 Quod
1162 253 1197 316 et

63 379 82 410 n
106 349 309 418 Dadishous
336 351 568 436 confirmavit,
591 358 761 438 statuens,
781 360 821 421 ut
845 355 999 442 synodus
1023 357 1101 444 oogi
1128 379 1196 423 non

64 484 82 516 n
106 457 223 547 possit
246 457 414 527 adversus
437 459 636 545 Primatem,
652 484 761 553 neque
774 461 806 529 ei
823 461 904 529 lites
928 461 1106 531 intendere
1123 464 1194 532 oui·

64 593 81 626 a
104 589 177 657 que
200 566 339 636 lineat.»
366 567 540 636 Prodeant
556 592 648 637 nuno
665 569 841 637 temerarii
858 569 926 654 illi,
939 571 1004 661 ¹qui
1020 573 1063 638 ab
1082 551 1195 660 ipsius

60 673 223 740 Romani
245 675 445 762 pontiflois,
473 675 569 744 Petri
601 677 750 766 apostoli
780 677 932 766 legitimi
957 678 1190 763 suooessoris,

62 782 249 850 sententia
265 783 309 850 ad
333 785 504 872 synodum
525 784 701 874 appellare
729 809 797 852 non
826 791 1004 872 verentur,
1024 786 1193 876 prodeant

63 888 153 973 huo,
181 895 224 957 ut
248 913 346 958 suam
370 891 568 959 sollemnem
593 893 909 962 condemnationem
927 895 969 959 ab
993 893 1079 982 ipsis
1097 893 1193 961 Sohi-

64 996 233 1065 smatiois
257 1003 293 1066 et
316 997 514 1096 Haeretiois
537 999 696 1068 audiant.

578 1215 610 1288 5.
629 1206 693 1274 IX.

201 1371 330 1436 Summi
347 1371 526 1457 Pontificio
540 1371 724 1456 proprium
748 1385 795 1435 est
818 1383 952 1435 statuta
969 1367 1071 1456 fidem

66 1479 299 1564 respicientia
312 1475 417 1558 edero,
428 1491 531 1567 atque
543 1480 785 1544 controversias
802 1480 893 1543 oirou
910 1476 1045 1543 eandem
1059 1491 1193 1544 emortus

220 1610 371 1674 supremo
385 1602 488 1677 atque
501 1590 723 1676 peremptorio
738 1587 865 1652 decreto
880 1585 1049 1652 dirimere.

136 1757 351 1845 Hujusmodi
367 1762 572 1846 potestatem
587 1781 629 1826 ex
647 1781 777 1836 summo
801 1757 953 1846 primatu
977 1761 1193 1824 emanantem

65 1865 276 1933 Nestoriani
300 1886 405 1956 aeque
429 1887 469 1932 ao
485 1865 665 1959 Jacobitao
688 1868 725 1932 in
743 1888 804 1932 suo
822 1864 956 1954 singuli
976 1863 1190 1953 patriaroha,

66 1979 110 2039 ut
127 1993 213 2040 suae
238 1979 349 2040 seotae
373 1973 498 2061 eapite,
525 1970 746 2062 agnoverunt
771 1980 845 2040 tum
868 1972 961 2060 jure,
986 1977 1061 2038 tum
1085 1971 1190 2038 facto.

67 2078 198 2159 Quoad
218 2078 289 2166 jus,
308 2079 464 2146 sufficiat
488 2102 595 2147 unum
619 2079 854 2147 testimonium
871 2077 1053 2162 adducere,
1071 2076 1108 2143 in
1133 2100 1192 2166 sy·

66 2187 160 2254 nodo
170 2187 455 2254 Nestoriauorum
469 2188 532 2253 sub
549 2187 692 2254 Maraba
707 2186 909 2276 patriarcha
921 2207 977 2252 an.
994 2185 1061 2252 544
1074 2190 1193 2252 ooaota

66 2295 260 2385 prolatum,
281 2295 372 2362 ubi
362 2318 398 2362 1n
421 2295 594 2384 prooemio
618 2295 658 2362 de
674 2295 739 2362 hoo
755 2292 966 2394 patriaroha
975 2293 1109 2361 dieitur
1127 2292 1190 2380 1().

70 2434 86 2468 u
105 2402 275 2493 Neque
248 2425 298 2470 sio
314 2403 431 2490 gratia
446 2402 597 2489 (divina)
613 2425 690 2470 eum
708 2424 842 2471 cessare
860 2403 959 2488 sivit;
979 2403 1038 2470 sed
1055 2401 1098 2469 ad
1115 2423 1192 2469 oon·
1214 2409 1306 2544 my

69 2539 84 2573 n
105 2510 364 2594 solidationem,
381 2511 574 2578 confirmat
548 2517 675 2579 tronem
693 2533 733 2578 ao
750 2511 962 2578 corroborat
935 2516 1061 2577 tronem
1081 2515 1192 2577 statu-

72 2627 226 2688 ntorum
250 2625 353 2710 atque
378 2640 557 2702 canonum,
576 2641 637 2687 neo
661 2641 726 2686 non
751 2618 794 2685 ad
812 2639 929 2686 veram
955 2617 1191 2702 fidem(deoer-

72 2727 281 2814 emendam),
307 2727 350 2794 ad
375 2726 570 2794 definienda
594 2725 710 2794 offioia
739 2747 780 2792 ao
803 2725 925 2792 bonam
949 2724 1191 2794 christianam-

73 2858 177 2926 nque
202 2834 329 2922 agendi
352 2833 522 2901 rationem
547 2833 699 2900 filiorum
714 2833 903 2916 Eoolesiae,
920 2832 1191 2902 sollicitudinem

73 2969 88 3002 n
106 2943 138 3010 ei
152 2941 334 3029 suggessit
344 2939 481 3026 (divina
497 2945 633 3030 qratia)
649 2947 691 3009 ut
706 2941 839 3030 scripta
855 2942 985 3022 ederet,
1003 2965 1063 3031 per
1076 2941 1189 3030 ipsius

74 3077 88 3110 n
108 3049 350 3116 assistentiam
375 3049 574 3138 composita.
598 3077 613 3109 n

138 3157 278 3224 Revera
301 3155 359 3223 hio
382 3155 543 3224 Marabas
568 3157 671 3243 plura
702 3156 813 3225 edidit
845 3161 981 3224 statuta
1008 3156 1052 3223 ad
1083 3155 1191 3244 expli-

73 3265 230 3347 candam,
246 3263 486 3347 definiendam,
507 3264 725 3332 sanciendam
750 3263 862 3346 fidem,
891 3272 930 3331 ut
954 3263 1072 3332 videre
1088 3263 1191 3330 estin

74 3395 198 3460 magno
222 3371 509 3439 Nestorianorum
534 3371 771 3440 Nomooanone
796 3371 858 3459 (2).
878 3371 972 3439 Idem
988 3369 1131 3458 plurimi
1148 3394 1189 3438 ex

73 3478 297 3571 sequentibus
309 3479 522 3568 patriarchis
535 3480 800 3568 praestiterunt,
816 3479 840 3546 J
841 3477 1030 3566 eshujabus
1045 3478 1107 3566 (3),
1124 3477 1191 3544 Τί-

75 3587 231 3656 motheus
254 3588 317 3675 (4),
334 3588 398 3656 alii
423 3590 485 3677 (5).
504 3589 555 3656 De
580 3589 675 3656 tacto
698 3594 812 3655 autem
836 3586 1039 3656 Nestoriani
1069 3585 1190 3676 hujus·

141 3783 183 3859 (1)
198 3786 398 3840 0011111111,
414 3804 479 3854 pag.
493 3787 556 3840 307.

141 3872 184 3948 (2)
198 3875 266 3929 cod.
281 3877 398 3929 XXVII.
415 3893 479 3945 pag.
495 3876 546 3928 321
568 3880 597 3928 11
617 3892 675 3942 seq.

139 3960 182 4037 (3)
195 3965 261 4019 Vid.
276 3965 383 4019 Assem.
401 3967 478 4020 Bitl.
493 3966 599 4018 OrIeat.
615 3969 682 4019 tom.
696 3967 723 4018 3.
739 3982 767 4033 p.
785 3966 809 4018 1.
825 3982 890 4033 pag.
907 3965 969 4022 116.
987 3982 1046 4033 seq.

141 4053 183 4130 (4)
196 4055 264 4110 (lod.
279 4057 412 4112 XXVIII.
428 4073 492 4123 pag.
508 4057 570 4110 243.
586 4057 648 4109 267.
670 4057 732 4110 271.
746 4055 808 4109 510.
825 4071 885 4124 seq.

141 4141 182 4216 (5)
196 4146 261 4200 Vid.
277 4147 384 4200 Assem.
398 4147 468 4198 ibid.
486 4151 506 4199 1.
522 4147 549 4198 3.
565 4163 595 4213 0.
610 4149 635 4200 2.
651 4162 718 4213 pag.
735 4147 795 4201 172.
812 4151 842 4200 et
861 4163 920 4214 seq.
