3006 4672
313 125 359 196 50
660 150 700 193 nn
722 149 802 194 noir.
820 149 1078 194 ronr.rn1nnrn

314 261 506 328 »timorem
529 260 667 350 quidem
690 260 755 328 Dei
778 267 832 328 tot
853 261 1029 350 vituperia
1043 262 1194 330 tulerint
1221 263 1269 348 (1)
1287 263 1324 330 11
1349 287 1423 352 pro·

315 395 332 430 n
351 373 428 457 pter
454 390 539 458 quos
561 373 597 434 et
620 391 713 436 nunc
742 368 864 436 divina
885 369 1012 458 religio
1027 371 1188 459 precibus
1215 370 1424 439 Sanctitatis
1491 383 1492 396 ¹

316 503 332 538 e
348 481 430 544 tuae
441 477 552 542 denuo
564 476 791 564 resplenduit,
802 477 839 543 in
852 477 1038 565 perfectam
1053 478 1287 548 confusionem
1300 479 1425 547 cedunt

316 582 526 652 »Ecclesiae
547 583 700 671 negotia.
730 584 793 652 Sin
807 591 922 652 autem
935 585 995 674 qui
1008 585 1097 654 talia
1118 587 1198 653 ausi
1216 587 1362 671 fuerint,
1388 611 1425 656 eo

316 719 333 754 n
351 689 449 757 modo
475 713 542 780 quo
564 691 727 758 convenit
750 691 920 780 increpati
944 693 1088 776 fuerint,
1114 699 1189 760 tota
1213 694 1426 762 machinatio
1492 719 1493 742 ³

316 798 512 880 »cessabit
544 805 580 865 et
602 800 799 868 reverentie
829 799 1017 868 canonibus
1046 799 1163 868 debita
1194 802 1238 869 ab
1268 802 1426 870 omnibus

316 904 588 994 »praestabitur
611 903 698 971 illis.
718 931 735 966 a

380 1011 572 1080 Concilium
595 1011 869 1080 Chalcedonense
888 1011 925 1079 in
940 1019 1039 1100 parte
1053 1012 1131 1100 ejus
1142 1015 1340 1103 dogmatica
1352 1024 1428 1084 tum

314 1143 337 1188 a
358 1120 590 1203 Nestorianis,
616 1143 694 1188 cum
716 1141 739 1186 a
752 1120 924 1188 Jacobitis
946 1120 1109 1209 rejicitur
1128 1123 1279 1207 (2).Non
1303 1124 1429 1192 desunt

314 1233 429 1296 tamen
458 1227 496 1294 in
524 1225 632 1313 hujus
661 1225 903 1294 celeberrimae
931 1227 1057 1314 synodi
1088 1228 1238 1296 historia
1265 1238 1371 1318 prout
1392 1231 1429 1297 in

315 1335 462 1404 istorum
485 1334 784 1402 schismaticorum
808 1335 1037 1402 monumentis
1052 1335 1247 1420 exhibetur,
1268 1338 1428 1406 invictis·

316 1443 403 1511 sima
418 1466 479 1533 pro
493 1443 724 1510 Romanorum
740 1442 941 1532 pontificum
950 1441 1091 1530 juribus
1107 1452 1326 1532 argumenta.
1341 1445 1376 1515 N
1377 1468 1428 1512 am
1494 1475 1495 1488 ¹

316 1547 467 1616 Severus
478 1546 641 1632 Mucella,
656 1549 845 1616 historicus
854 1547 1008 1635 jacobita
1020 1549 1149 1616 saeculi
1160 1550 1212 1616 X¹.
1223 1572 1375 1619 narrans
1392 1575 1445 1620 ee·

316 1678 404 1749 qnae
430 1655 538 1744 hujus
568 1657 803 1724 oecumenicae
833 1656 959 1744 synodi
985 1657 1246 1724 celebrationem
1273 1681 1429 1747 praeces·

262 1761 284 1872 1
317 1771 460 1848 serunt,
489 1765 543 1831 ait
564 1763 639 1850 (3):
669 1793 685 1828 α
707 1765 805 1831 Tunc
832 1769 1067 1830 convenerunt
1088 1763 1133 1830 ad
1156 1785 1233 1830 eum
1258 1764 1366 1852 (idest
1389 1767 1431 1834 ad

318 1900 334 1936 n
354 1873 500 1942 Leonem
516 1873 711 1961 pontificem
723 1873 928 1958 Romanum)
941 1872 1051 1962 aliqui
1064 1894 1105 1938 ex
1122 1872 1196 1938 illis
1209 1873 1270 1963 qui
1283 1897 1432 1943 censura

318 2009 335 2044 a
352 1985 390 2066 (a
406 1981 568 2048 Dioscoro
592 1983 744 2070 episcopo
769 1978 1024 2066 Alenandrino)
1039 1981 1194 2069 percussi
1208 1988 1324 2065 erant,
1353 2004 1430 2050 cau·

318 2110 494 2178 »samque
518 2110 614 2154 suam
639 2087 683 2155 ad
705 2087 809 2154 illum
832 2085 1035 2153 detulerunt
1050 2091 1120 2172 (eeu
1140 2087 1184 2153 ad
1197 2086 1300 2154 illum
1316 2088 1432 2179 appel·

317 2221 334 2258 a
352 2196 499 2282 larunt),
515 2202 759 2285 conquerentes
774 2217 811 2262 se
826 2195 957 2282 injuste
972 2199 1142 2262 tractatos
1154 2193 1274 2278 fuisse,
1301 2195 1433 2263 denun-
1496 2199 1497 2208 ’

319 2303 553 2392 scientesque
585 2303 723 2370 Patrem
754 2303 937 2369 Dominum
964 2301 1166 2368 Dioscorum
1193 2302 1433 2390 patriarcham

318 2409 642 2492 „Alexandrinum
661 2411 751 2500 quod
768 2409 940 2499 synodum
964 2409 1116 2497 coegerit
1139 2411 1223 2498 quin
1247 2409 1358 2476 Leoni
1374 2409 1433 2476 de·

319 2544 336 2580 a
357 2518 463 2583 bitum
480 2518 587 2583 locum
611 2516 721 2600 daret,
746 2538 916 2608 quaerens
932 2517 1025 2582 abeo
1042 2521 1189 2602 statuta;
1208 2522 1243 2583 et
1263 2520 1357 2606 quod
1382 2518 1432 2584 in·
1497 2535 1498 2548 ²

319 2626 512 2696 »consulto
535 2648 573 2693 eo
597 2625 708 2694 multa
731 2625 903 2714 gesserit,
928 2624 981 2691 ita
1004 2630 1045 2690 ut
1067 2624 1180 2713 ipsum
1195 2624 1434 2712 patriarcham

389 2803 431 2884 (l)
450 2807 485 2860 In
504 2809 642 2872 margine:
663 2811 704 2860 In
724 2809 781 2859 alio
796 2808 955 2873 exemplari:
974 2808 1158 2861 strenuitates
1171 2808 1434 2870 demonstraverint.

319 2899 378 2950 Hac
404 2899 548 2950 occasione
574 2900 661 2951 liceat
680 2899 926 2964 animadvertere,
949 2914 1030 2964 qnam
1059 2897 1213 2961 diligentes
1233 2912 1373 2964 quamque
1392 2915 1435 2951 ae·

317 2989 408 3042 curati
426 2988 486 3040 sint
504 2989 706 3052 Syroehaldaei
724 2990 756 3040 in
774 2988 922 3042 vertendis
942 2989 1062 3040 aliarum
1081 2988 1242 3051 linguarum
1261 2987 1381 3053 scriptis
1403 2990 1432 3040 in

317 3095 404 3144 snam,
419 3081 451 3131 ut
469 3077 587 3130 subinde
602 3079 624 3130 ii
638 3080 719 3144 qnasi
732 3079 872 3143 scrupulis
891 3078 962 3130 affici
976 3077 1136 3130 videantur.
1156 3077 1265 3130 Similis
1278 3076 1436 3141 diligentia

316 3170 348 3222 in
359 3168 473 3222 Graecis
486 3168 646 3221 auctoribus
657 3168 769 3221 omnino
781 3166 968 3219 desideratur.
987 3165 1094 3218 Arabes
1113 3181 1221 3232 qnoque
1234 3165 1319 3218 valde
1329 3167 1435 3219 incurii

317 3262 384 3311 snut
405 3261 436 3312 in
460 3258 564 3311 alienis
578 3258 694 3324 scriptis
708 3256 864 3310 vertendis.
885 3257 972 3310 Medii
990 3257 1067 3308 inter
1087 3255 1139 3307 hos
1162 3257 1190 3306 et
1208 3255 1276 3306 illos
1296 3255 1434 3308 incedunt

316 3348 435 3402 Romani
450 3364 497 3401 seu
514 3348 624 3414 Latini;
640 3351 739 3413 loquor
759 3362 868 3412 semper
888 3346 920 3398 de
939 3346 1077 3412 antiquis.
1100 3345 1227 3397 Ceterum
1249 3360 1435 3400 amanuenses

317 3436 402 3489 stiam
421 3438 633 3503 Syroohaldaici
654 3453 735 3503 saepe
755 3439 863 3488 textum
883 3438 978 3488 solent
996 3436 1111 3487 vitiare.

388 3522 430 3596 (2)
448 3527 599 3579 Maximam
627 3527 842 3580 admirationem
861 3530 986 3578 nostram
1005 3526 1112 3578 excitat
1132 3526 1231 3577 harum
1250 3524 1372 3580 duarum
1393 3543 1434 3580 se·

318 3615 426 3666 ctarum
446 3615 549 3678 agendi
567 3617 641 3669 ratio
661 3617 752 3683 quoad
771 3619 896 3669 sanctam
919 3615 1056 3680 synodum
1076 3615 1343 3669 Chalcedonensem.
1365 3615 1434 3670 Cum

319 3703 393 3755 enim
413 3704 474 3770 ejus
494 3703 635 3758 decretum
661 3706 848 3776 dogmaticum
869 3705 942 3772 qnod
970 3706 1087 3758 illarum
1112 3721 1220 3758 errores
1246 3705 1433 3772 profligavit,

319 3792 464 3860 rejiciunt,
478 3793 538 3860 ejus
553 3797 646 3847 tamen
666 3812 786 3848 canones
807 3796 1007 3862 disciplinares
1021 3811 1077 3847 non
1092 3797 1182 3848 solnm
1196 3811 1251 3848 nou
1265 3797 1430 3862 reprobant,

318 3880 366 3934 sad
386 3879 540 3934 admittunt
552 3881 583 3932 in
599 3885 714 3951 suisque
734 3885 971 3937 nomocanonibus
984 3885 1125 3949 inserunt,
1142 3900 1198 3936 non
1214 3899 1294 3936 secus
1311 3900 1343 3937 ac
1353 3901 1433 3938 eano-

318 3985 367 4024 nes
390 3969 504 4024 concilii
522 3971 641 4026 Nicaeni
662 3976 872 4040 ceterorumque
894 3974 1077 4027 conciliorum
1094 3975 1129 4026 ab
1141 3973 1213 4041 ipis
1240 3972 1366 4040 perfecte
1387 3991 1432 4042 ap-

318 4060 509 4127 probatorum.

387 4145 428 4218 (3)
447 4146 514 4200 (lod.
530 4148 596 4200 Vat.
611 4146 675 4212 Syr.
691 4147 752 4199 159.
774 4163 836 4213 pag.
855 4148 906 4200 129
919 4164 1006 4200 verro.
