3006 4672
284 125 327 195 18
680 148 722 194 ou
746 149 838 194 curn.
859 149 888 193 s.
904 147 1001 194 cunas

286 290 302 323 n
323 284 405 351 gum
430 270 534 353 atque
555 261 713 350 judicum
736 261 1013 352 potestatibus.»
1047 259 1137 330 Vide
1166 263 1273 330 ctiam
1304 261 1407 331 testi·

285 369 437 436 monium
461 371 525 437 sub
542 370 663 438 littera
682 367 723 435 θ
739 370 939 454 adductum,
959 393 1001 438 ex
1017 392 1084 462 quo
1100 370 1212 461 liquet
1225 369 1408 439 Christum

284 475 469 545 Dominum
494 479 596 546 Petro
619 477 830 547 commisisse
846 500 970 548 munus
986 501 1110 569 greges
1127 477 1305 548 Ecclesiae
1323 499 1408 546 suae

286 586 323 649 in
345 587 461 672 pratis
478 583 565 673 fidei
585 585 760 674 poscendi.

352 691 406 759 Ex
419 693 576 760 omnibus
588 691 656 779 his,
671 715 759 786 quae
771 691 951 786 hucusque
965 694 1238 784 disputavimus,
1251 700 1410 764 statuere

160 864 162 870 .
286 798 411 883 liceat,
436 799 659 869 traditionem
682 801 859 870 Ecclesiae
883 801 1178 891 Syrochaldaioae
1209 803 1303 872 circa
1334 825 1410 870 sen·

287 928 364 974 sum
384 929 451 998 quo
474 905 705 997 intelligenda
727 916 810 977 sunt
832 911 899 977 duo
923 909 1147 978 celeberrima
1168 910 1256 995 loca,
1272 909 1411 978 scilieet

287 1015 414 1082 Mutela
430 1012 528 1084 XVI.
546 1021 666 1098 18.19,
684 1022 720 1084 et
731 1017 859 1086 Joona.
871 1014 973 1087 XXI.
991 1023 1113 1101 15-17,
1129 1019 1270 1088 eandem
1283 1018 1409 1108 fnisse,

288 1145 328 1194 ec
350 1123 573 1191 traditionem
595 1123 772 1193 Ecclesiae
794 1125 991 1211 Romanae,
1012 1149 1132 1216 nempe
1154 1149 1215 1216 per
1238 1147 1279 1196 ea
1302 1125 1413 1196 chri-

288 1235 380 1298 stum
403 1231 585 1300 Dominum
609 1232 798 1321 primatum
818 1231 1079 1322 jurisdictionis
1102 1241 1137 1302 et
1159 1234 1361 1324 magisterii
1376 1234 1412 1300 in

290 1339 489 1408 universam
512 1339 706 1408 Ecclesiam
729 1341 832 1409 Petro
851 1342 1076 1411 concessisse.
1093 1343 1187 1424 Quid
1209 1350 1327 1411 autem
1353 1342 1413 1410 di-

290 1445 435 1514 cendum
459 1445 508 1514 sit
530 1445 572 1514 de
608 1448 713 1516 tertio
743 1447 934 1537 Evangelii
958 1448 1107 1538 palmari
1138 1449 1228 1534 looo,
1266 1450 1412 1518 Petrum

290 1552 509 1642 respiciente,
534 1576 654 1644 nempe
679 1555 759 1625 Lao.
778 1554 903 1625 XXII.
922 1562 978 1624 31.
997 1562 1068 1640 32„
1095 1557 1276 1649 sequentia
1300 1562 1413 1626 osten·

292 1660 387 1728 dent.

633 1903 898 1950 marmannorum
922 1903 1055 1950 sotunlo

360 2102 595 2172 Oumnonnisi
619 2101 775 2170 sincerus
799 2102 963 2171 veritatis
986 2123 1080 2172 amor
1103 2101 1139 2170 in
1164 2108 1239 2172 tota
1262 2101 1330 2172 lrao
1346 2110 1416 2173 tra·

294 2212 445 2283 otatione
457 2233 518 2278 nos
531 2209 646 2295 ducat,
670 2209 892 2278 dissimulare
911 2210 1072 2278 nolumus
1095 2209 1212 2279 varias
1232 2209 1419 2280 difficulta-

294 2325 358 2404 tes,
375 2343 462 2413 quae
475 2325 596 2388 contra
607 2317 807 2387 testimonia
818 2340 838 2385 a
849 2318 948 2386 nobis
963 2317 1132 2387 hactenns
1143 2340 1186 2386 ex
1197 2317 1301 2386 libris
1313 2318 1417 2388 litur-

296 2427 386 2518 gicis
408 2427 519 2495 allata
535 2423 641 2513 objici
665 2432 829 2514 possunt,
855 2425 899 2493 ad
923 2423 1167 2496 destruendam
1197 2425 1337 2494 omnino
1361 2425 1417 2495 vel

296 2535 418 2604 saltem
443 2535 661 2603 minuendam
693 2533 876 2602 eorundem
902 2533 984 2601 vim.
1006 2533 1080 2600 Hae
1104 2533 1330 2603 difficultates
1354 2557 1418 2602 nos

295 2643 353 2713 hio
376 2651 575 2733 satagemus
599 2663 779 2733 exponere,
805 2663 931 2734 easque
956 2641 1109 2714 breviter
1133 2641 1278 2712 diluere.

343 2863 346 2870 ’
363 2861 393 2930 I.
412 2860 527 2950 objici
543 2863 669 2950 potest:
686 2858 807 2928 Omnia
825 2860 1020 2926 testimonio
1034 2883 1122 2951 qaae
1137 2863 1292 2949 superias
1307 2863 1419 2928 citato

298 2981 378 3038 eunt
401 2967 447 3034 od
470 2965 765 3034 demonstrandam
787 2965 964 3034 Ecclesiae
980 2965 1266 3055 Sproolroldoioue
1288 2992 1418 3036 scaenam

299 3081 390 3148 circo
414 3077 513 3146 Petri
530 3078 738 3166 primatum,
758 3099 798 3141 cos
823 3075 925 3141 libris
941 3074 1115 3164 desumpta
1131 3091 1211 3142 aaut
1227 3075 1417 3165 litor-picis,

300 3191 337 3255 in
360 3187 496 3280 quibas,
521 3209 592 3253 oum
618 3182 735 3250 laudea
758 3185 800 3252 Β.
825 3184 924 3251 Petri
947 3183 1174 3265 celebrentur,
1200 3209 1267 3249 noa
1295 3187 1420 3250 mirum

301 3309 348 3363 est
371 3298 403 3362 ei
422 3289 484 3386 pei·
507 3292 638 3360 modam
658 3293 865 3382 panepyrice'
883 3291 966 3379 plac
989 3315 1096 3382 ocqoo
1114 3293 1189 3380 ejus
1205 3293 1363 3374 virtutes,
1382 3306 1419 3358 at

300 3428 368 3471 moe
391 3418 439 3470 est
463 3401 704 3479 Orientalium,
731 3400 957 3494 extollantur.
972 3398 1188 3491 Proindeqoc
1204 3423 1243 3467 co
1258 3424 1326 3466 non
1343 3413 1420 3466 sant

303 3511 347 3578 acl
371 3513 523 3577 litterum
547 3507 758 3599 accipienda.

368 3619 411 3686 Ii.
429 3618 506 3686 Non
529 3640 707 3706 negamus,
726 3617 896 3686 nonnulla
927 3639 968 3684 ex
991 3615 1078 3685 loeis
1111 3617 1272 3706 superius
1300 3616 1419 3686 citatis

209 3795 211 3800 .
302 3724 563 3818 aliquantulum
587 3726 676 3814 styli
699 3725 826 3816 poetici
850 3725 992 3794 sentire.
1018 3725 1069 3792 At
1091 3724 1218 3792 licetne
1240 3723 1322 3792 inde
1345 3746 1419 3792 cou-

304 3833 444 3903 oludere
476 3854 517 3900 ea
546 3833 700 3901 falsitati
729 3833 821 3900 niti?
852 3831 922 3901 Cur
952 3833 1062 3917 enim,
1088 3855 1166 3900 cum
1196 3831 1313 3899 eodem
1348 3830 1419 3898 looo

302 3940 407 4018 Pauli
430 3939 552 4008 laudes
576 3963 652 4009 cum
675 3941 772 4010 Petri
797 3940 1035 4026 celebrantur,
1066 3939 1157 4008 nihil
1188 3961 1307 4008 eorum
1335 3959 1419 4032 quae

305 4051 346 4118 de
368 4049 471 4118 Petro
494 4054 566 4117 tam
590 4071 689 4137 saepe
712 4055 851 4139 tamque
875 4049 946 4116 alte
969 4047 1229 4138 praedicantur,
1248 4045 1358 4115 Paulo
1380 4067 1418 4112 ne

306 4155 410 4222 semel
429 4154 566 4245 quidem
585 4154 774 4225 tribuitur?
792 4154 861 4222 Cur
881 4153 973 4221 nihil
993 4151 1194 4240 hujusmodi
1211 4152 1252 4220 de
1270 4151 1418 4241 singulis
