3018 4672
280 91 346 158 108
738 111 900 156 nrrnnorx
916 113 940 157 1.

346 223 401 291 Ex
424 221 481 290 his
503 220 628 310 oppido
643 220 767 312 liquet,
785 227 895 291 totam
914 223 1084 292 rationem
1100 246 1140 292 ao
1155 223 1229 294 vim
1248 225 1395 312 patriar-

279 332 405 400 chatus
427 327 639 396 Antiocheni
669 351 770 420 quern
798 329 991 398 Maronitas
1023 329 1177 415 habent,
1204 351 1225 396 a
1248 329 1396 418 benigna
1441 362 1445 366 ·

278 437 505 507 institutione
529 435 629 504 Sedis
651 436 875 526 Apostolicae
894 438 1064 526 originem
1087 437 1225 524 habere,
1245 437 1337 528 quod
1358 437 1395 504 il·

278 547 363 631 lius,
382 544 467 636 quin
489 543 652 612 honorem
675 545 820 628 minuat,
840 545 953 634 magis
969 565 1009 614 ac
1025 546 1138 634 magis
1161 543 1322 613 omnibus
1345 567 1395 614 ve·

277 653 492 722 ncrationem
515 651 741 720 commendat.
769 651 859 720 Sane
876 651 1026 722 historia
1048 657 1212 737 testatur,
1230 652 1396 720 Romanos

278 759 463 828 Pontifices
478 758 636 842 liberius,
655 763 696 827 ut
711 759 764 826 ita
779 759 903 843 dicam,
922 759 960 826 in
975 759 1043 828 isto
1059 758 1319 849 patriarchatu,
1331 757 1396 826 vel-

279 868 333 937 uti
356 867 567 960 praedilecto
590 867 677 951 filio,
696 867 788 934 omni
810 872 963 958 tempore
986 869 1111 957 egisse,
1134 867 1218 936 adeo
1237 871 1278 935 ut
1302 887 1397 955 saepe

277 998 346 1042 non
363 979 501 1044 tantum
517 996 573 1043 res
590 973 837 1063 disciplinaree
852 981 888 1042 et
904 996 991 1066 quae
1007 973 1226 1064 spiritualem
1243 973 1397 1042 fidelium

276 1080 469 1152 utilitatem
491 1079 716 1168 respicerent,
734 1079 772 1147 in
794 1079 858 1147 illo
881 1079 1128 1170 disposuerint,
1151 1103 1272 1150 verum
1296 1081 1398 1148 etiam

193 1189 199 1196 ’
277 1192 371 1278 ipsas
393 1187 543 1257 rituales
566 1186 777 1255 mutationes
797 1188 892 1256 haud
914 1188 1010 1257 leves
1034 1187 1072 1255 in
1095 1187 1198 1255 illum
1220 1187 1326 1277 plane
1349 1187 1397 1254 in·
1424 1214 1436 1228 ·
1482 1271 1483 1276 ἵ

278 1297 457 1369 duxerint.
475 1295 524 1363 Et
539 1296 584 1364 ad
599 1295 737 1364 laudem
752 1295 1004 1366 Maronitarum
1021 1297 1205 1366 dicendum
1220 1301 1286 1382 est,
1307 1297 1398 1386 ipsos
1482 1281 1483 1312 ³

277 1427 454 1498 nunquam
469 1403 590 1493 plenae
606 1424 646 1472 ac
657 1403 788 1471 liberae
801 1405 1032 1473 Romanorum
1044 1405 1253 1474 Pontificum
1268 1405 1399 1474 actioni
1483 1436 1484 1457 r

278 1517 316 1582 in
339 1515 433 1604 ipsos
455 1511 609 1602 aliquam
634 1511 690 1580 vel
716 1511 931 1581 levissimam
954 1513 1191 1589 resistentiam
1214 1511 1273 1582 vel
1295 1512 1397 1602 impe·

277 1619 469 1687 dimentum
493 1619 755 1707 interposuisse,
775 1619 859 1687 adeo
875 1625 917 1687 ut
932 1625 1073 1709 propter
1092 1619 1156 1688 hoc
1179 1619 1285 1687 etiam
1310 1620 1399 1707 ipso·

275 1749 354 1795 rum
376 1727 608 1794 Romanorum
631 1725 839 1794 Pontificum
863 1749 921 1794 ore
944 1749 1060 1794 eorum
1083 1726 1206 1796 laudes
1229 1725 1400 1794 celebrari
1482 1799 1483 1804 ,

276 1832 393 1900 meriti
417 1833 501 1900 sint.
1482 1823 1483 1826 ¹

341 1941 498 2030 Denique
530 1939 678 2030 optimos
708 1939 900 2009 Maronitas
932 1941 1077 2010 demisse
1107 1965 1216 2032 rogo,
1242 1950 1285 2012 ut
1312 1944 1399 2012 mihi

275 2048 462 2135 ignoscant
483 2047 573 2138 quod
597 2047 714 2115 eadem
745 2047 950 2116 sinceritate
981 2071 1057 2117 cum
1090 2049 1166 2117 illis
1189 2051 1226 2118 in
1250 2051 1399 2120 dicenda

276 2153 429 2225 veritate
453 2176 538 2222 usus
562 2153 639 2238 sim,
665 2174 705 2222 ac
729 2177 807 2222 cum
830 2155 915 2224 meis
939 2155 1043 2244 Syris
1067 2163 1171 2248 atque
1195 2155 1396 2242 Chaldaeis,
1482 2231 1483 2234 ,

275 2261 320 2329 ad
351 2283 437 2352 quos
467 2266 633 2350 utrosque
663 2260 845 2349 pertineo,
879 2263 1141 2333 reminiscentes
1175 2263 1398 2332 notissimum

275 2369 431 2436 Arabum
455 2367 643 2456 adagium:
668 2375 747 2428 aas
771 2398 816 2462 (a
831 2353 937 2454 odida
958 2400 1006 2450 ps
1029 2349 1140 2434 Malis
1163 2353 1196 2431 la
1222 2370 1398 2440 uNullam

278 2475 482 2565 »injuriam
505 2475 573 2543 tibi
596 2475 728 2560 infert,
756 2476 816 2566 qui
840 2483 875 2544 te
899 2477 1017 2545 eadem
1040 2477 1175 2546 ratione
1198 2481 1335 2548 tractat
1358 2499 1398 2546 ac

278 2611 294 2646 n
313 2583 493 2674 seipsum»
516 2583 580 2668 (1).

345 2759 387 2836 (1)
406 2765 481 2816 Haec
499 2763 713 2830 disquisitionis
727 2779 793 2831 pars
808 2763 841 2816 de
854 2765 1098 2831 patriarchatibus
1111 2767 1397 2834 Syrochaldaicarum
1422 2778 1426 2788 '

276 2855 402 2921 gentium
413 2855 472 2922 jam
486 2855 617 2907 absoluta
629 2857 701 2922 erat,
715 2855 766 2907 sub
778 2855 913 2922 preloque
926 2870 1025 2922 pressa
1037 2857 1125 2910 lucem
1139 2837 1318 2926 expectabat,
1335 2875 1397 2911 cum

275 2961 340 3000 casu
359 2947 388 2997 et
406 2943 527 2998 fortuitu
545 2943 577 2995 in
596 2945 711 3010 insigne
731 2941 924 2996 documentum
943 2944 1044 3012 incidi,
1060 2944 1133 3012 quod
1153 2960 1260 2998 omnam
1280 2945 1395 3000 dirimit

274 3033 497 3089 controversiam
510 3033 584 3086 circa
596 3032 775 3098 antiquorum
786 3033 990 3085 Maronitarum
1006 3049 1100 3086 veram
1114 3034 1261 3098 originem.
1277 3034 1338 3086 Hoc
1352 3039 1398 3088 cst

276 3125 369 3176 (lodex
386 3126 448 3190 Syr.
466 3125 531 3176 Vct.
547 3127 607 3186 146,
624 3122 672 3188 qui
691 3122 821 3174 continet
839 3123 1007 3188 Apolopiom
1023 3124 1094 3190 fidei
1111 3124 1332 3188 Maronitarum,
1350 3127 1396 3178 eui

89 3201 239 3316 ΠΠΠ
272 3215 320 3268 hic
332 3215 434 3266 titulus
443 3211 520 3281 (prop.
538 3213 587 3282 1.):
602 3212 754 3265 “Libellus
767 3211 834 3264 fidei
848 3215 963 3265 sanctae
976 3213 1128 3282 Ecclesiae,
1144 3214 1236 3267 tactus
1250 3213 1282 3266 in
1295 3229 1394 3267 coeno-

275 3325 288 3353 n
309 3304 356 3358 bio
375 3303 468 3357 sancti
486 3318 518 3356 ac
538 3299 664 3372 Ssopdpoo
678 3301 882 3355 Mar-Maronis
896 3303 983 3368 beati,
996 3307 1177 3368 cognomento
1197 3304 1331 3372 Joannis,
1347 3308 1396 3371 qui

275 3415 288 3442 n
309 3395 371 3446 erat
389 3391 555 3460 patriarcha
573 3389 689 3445 divinae
708 3391 787 3443 urbis
805 3390 985 3458 Antiochiae,
1001 3413 1013 3440 n
1032 3397 1085 3445 etc.
1108 3389 1275 3464 (Perperam
1302 3393 1396 3458 igitur
1470 3447 1473 3454 Δ

274 3482 455 3536 existimavit
471 3481 642 3542 Assemanus
662 3482 735 3532 hunc
754 3480 894 3534 Libellum
907 3496 967 3533 esse
988 3481 1076 3534 letum
1090 3482 1181 3549 ipsius
1194 3478 1346 3552 Maronis).
1362 3485 1395 3536 In

273 3571 389 3638 prologo
409 3569 477 3638 (fot.
493 3571 534 3638 2.)
547 3569 653 3622 dicitur
671 3570 748 3622 Maro
770 3568 930 3636 disputasse
957 3573 1056 3622 contra
1074 3569 1279 3635 Eutychianos,
1296 3575 1396 3624 contra

97 3639 243 3758 &ow
273 3657 469 3724 Nestorianos,
485 3672 516 3720 ac
535 3657 641 3710 demum
663 3676 675 3705 a
696 3659 796 3711 contra
816 3657 970 3724 discipulos
990 3654 1073 3728 (idest
1100 3653 1245 3728 sequaces)
1263 3659 1393 3727 Maximi,

275 3769 288 3796 n
311 3747 359 3813 qni
378 3746 549 3801 confitentur
569 3747 638 3799 duas
655 3745 701 3814 (in
722 3747 847 3816 Christo)
866 3749 1042 3815 voluntates,
1055 3747 1139 3815 juxta
1158 3747 1295 3814 placitum
1308 3749 1394 3817 impe-

275 3857 288 3887 η
309 3836 416 3890 ratoris
435 3835 515 3888 illius
535 3837 680 3903 temporis.
695 3857 707 3886 n
723 3835 789 3910 (Vel
808 3835 866 3904 ipsi
886 3836 983 3902 itaque
996 3837 1165 3904 Maronitac,
1187 3852 1244 3888 non
1263 3853 1346 3891 secus
1365 3855 1394 3892 ae

273 3928 361 3981 ceteri
379 3923 602 3992 Syrochaldaici
622 3925 733 3990 generis
753 3925 850 3992 populi
872 3924 955 3993 [Via.
971 3941 1042 3992 quoe
1050 3941 1120 3992 paq.
1136 3930 1171 3978 64
1190 3925 1392 3994 disserendorum,

273 4015 478 4084 dispositiones
496 4013 528 4066 in
547 4013 631 4066 rebus
649 4013 715 4066 fidei
739 4015 939 4081 imperatorum
961 4014 1081 4068 arbitrio
1094 4043 1095 4048 κ
1109 4014 1285 4069 tribuebant.
1313 4016 1393 4070 codi-

274 4119 332 4158 cem
352 4101 545 4158 recentissime
565 4101 686 4157 vitiavit
704 4103 830 4170 improba
849 4119 955 4172 manus,
972 4119 1041 4170 quae
1067 4105 1208 4172 corruptis
1234 4105 1330 4158 tribus
1346 4107 1393 4160 lit-
