3018 4672
548 91 712 134 srrsnnrx
728 92 753 134 1.
1150 70 1215 138 103

81 235 192 305 qnam
215 237 285 283 non
309 215 489 286 habuisse.
509 219 654 288 Praesto
666 218 757 287 enim
775 223 830 286 est
846 218 978 287 celebre
994 225 1116 310 poetae
1130 223 1217 289 Ara·

82 321 141 390 bis
167 323 436 430 (Ibni-luardi)
460 329 630 397 effatum:

670 491 871 623 tettffl,
890 493 983 600 „ter
1005 498 1104 596 ,last

384 641 475 736 pa.
497 649 543 712 aa·
565 637 598 712 1,
621 635 712 740 Uesti
733 627 805 735 'pa
823 637 883 716 tt

41 831 42 834 ¹
88 808 181 879 «Ne
204 809 371 898 gloriaris
394 833 547 904 unquam
563 814 605 881 de
625 817 688 880 tna
712 813 876 902 prosapia
899 814 956 882 rel
980 815 1022 882 de
1045 817 1119 884 tuis
1142 823 1215 885 ata-

85 917 167 987 vis:
188 939 271 988 vera
294 919 385 987 enim
409 920 481 989 viri
504 921 619 1009 gloria
642 927 696 990 est
719 944 770 1006 ea,
792 944 895 1012 quarn
918 923 993 1012 ipse
1017 946 1078 1014 per
1101 947 1137 993 se
1160 947 1215 994 ac-

85 1131 197 1198 prodit.
219 1130 281 1184 Fol.
297 1131 371 1184 enim
392 1131 443 1184 132
462 1149 548 1194 verso,
562 1134 621 1186 loco
634 1133 755 1200 capituli
769 1149 822 1200 qno
836 1136 933 1186 auctor
944 1135 1071 1202 jacobita
1085 1151 1138 1188 sec.
1146 1136 1212 1189 XII.

86 1219 264 1275 defendebat
281 1236 359 1274 usum
373 1223 460 1287 panis
476 1223 643 1288 fermentari
657 1237 706 1289 pro
718 1223 890 1275 conicienda
903 1223 1094 1290 Eucharistia‚
1111 1227 1216 1278 substi-

86 1313 183 1364 tuitur
202 1309 281 1363 alind
300 1311 468 1378 capitulam,
491 1328 544 1378 quo
564 1317 660 1365 auctor
681 1313 769 1364 seculi
788 1315 854 1366 VII.
875 1311 926 1385 (in
947 1329 1002 1381 qno
1022 1316 1103 1368 nulla
1122 1316 1213 1369 adhuc

86 1399 287 1455 controversia
307 1401 340 1454 de
360 1417 452 1466 azymo
473 1407 502 1455 at
516 1404 691 1469 fermentato
711 1406 811 1456 exorta
830 1401 913 1473 orat)
933 1406 1017 1472 juxta
1037 1408 1211 1458 sententiam

85 1491 213 1544 (10001111
231 1490 393 1543 Florentini
419 1491 539 1556 fingitur
558 1492 708 1558 scripsisse
731 1509 834 1557 panem
858 1491 918 1544 'term
938 1510 1060 1559 asymam
1080 1503 1136 1546 tam
1151 1496 1212 1560 fer-

84 1587 243 1666 mcptatam
253 1595 305 1632 esee
317 1581 462 1645 materiam
474 1582 663 1647 sufficientem
676 1582 843 1633 sacramenti
853 1583 1061 1648 Eucharistiae,
1078 1591 1107 1634 ot
1116 1600 1216 1636 anam·

86 1686 225 1737 quemque
244 1670 339 1721 debere
356 1686 456 1722 morem
474 1687 540 1722 enas
558 1671 703 1723 Ecclesiae
720 1675 851 1737 parerem
870 1689 950 1738 seque
969 1673 1043 1738 ipsos
1057 1671 1146 1746 (idest
1158 1675 1215 1726 Ma-

87 1755 225 1829 ronitas)
242 1775 302 1811 aaa
320 1775 381 1811 cam
406 1760 631 1812 Occidentalitus
655 1769 681 1810 et
705 1761 832 1812 Armenia
854 1761 990 1826 redarpai
1014 1762 1090 1826 quod
1113 1779 1216 1827 panem

88 1865 216 1916 mamam
235 1848 389 1900 adhibeant
397 1852 431 1899 111
459 1849 528 1900 'lum
548 1848 730 1902 adtuendam
746 1851 834 1914 azymi
850 1849 1043 1916 validitatem,
1058 1850 1214 1903 001000001-

88 1939 232 1993 ducuntur
250 1941 424 2003 argumenta,
447 1953 517 2004 quaa
537 1954 554 1989 a
571 1938 686 1990 Latinis
706 1937 772 1989 inde
787 1955 803 1990 a
816 1941 909 1990 seculo
923 1939 958 1990 X.
980 1943 1080 1991 contra
1097 1940 1214 1994 Graecos

88 2030 188 2082 solent
207 2027 322 2094 produci
333 2029 363 2080 111
384 2027 490 2080 Omitto
510 2027 582 2092 styli
597 2026 787 2079 differentiam
801 2042 870 2093 quae
891 2027 968 2079 inter
982 2029 1133 2092 genuinum
1147 2029 1214 2081 Bar·

88 2117 214 2172 salibaei
234 2132 388 2170 sermonem
409 2121 438 2169 et
456 2132 557 2169 novam
572 2116 689 2169 secundi
702 2119 826 2169 auctoris
840 2120 964 2182 saturam
981 2119 1067 2170 nimis
1082 2122 1216 2185 patenter

89 2209 232 2274 apparet,
248 2205 372 2272 aliaque.
393 2205 531 2257 Nimirum
552 2204 659 2257 dnobus
671 2207 798 2271 proxime
814 2206 921 2271 elapsis
936 2207 1039 2258 seculis
1056 2209 1215 2260 Maronitas

88 2297 284 2364 principatum
303 2296 488 2347 litteraturae
508 2293 745 2360 Syrochaldaioae
765 2293 818 2346 soli
834 2294 938 2347 Romae
952 2297 1098 2348 tenebant.
1111 2295 1150 2348 At
1163 2297 1216 2348 sic·

88 2385 154 2440 cine
173 2386 302 2438 abutitur
320 2385 401 2437 homo
420 2387 601 2450 temporanea
620 2384 822 2450 prosperitate,
845 2399 900 2450 qua
918 2401 947 2436 se
968 2385 1025 2436 irui
1046 2385 1144 2438 videti

164 2476 294 2528 (laterum
306 2486 486 2542 ¹summopere
506 2475 596 2538 doleo,
613 2473 686 2539 qnod
705 2476 739 2526 cl.
755 2473 935 2539 Assemanns,
952 2489 1012 2525 cnm
1025 2475 1056 2525 in
1071 2475 1149 2526 Bibl.
1168 2477 1213 2526 Or.

90 2575 111 2618 t.
127 2569 154 2617 2.
165 2580 236 2630 pap.
251 2567 313 2618 293.
340 2565 376 2616 ad
394 2563 477 2616 fldem
495 2564 616 2617 Naironi
637 2564 679 2615 sni
700 2565 821 2627 gentilis
840 2565 1020 2629 asseruisset,
1036 2563 1165 2625 inveniri
1184 2566 1216 2616 in

91 2655 212 2722 antiqno
231 2654 435 2707 Maronitarum
454 2653 630 2707 Kalendario
643 2651 729 2724 (quod
743 2651 855 2718 quidem
868 2652 1073 2704 Kalendarium
1087 2655 1216 2719 ignotum

89 2745 181 2798 inisse
201 2743 317 2798 videtur
335 2743 436 2810 primis
457 2743 615 2796 editoribus
637 2742 765 2794 missalis
784 2739 1006 2811 Maronitarum)
1026 2759 1126 2795 nomen
1147 2742 1218 2796 (lon-

93 2833 216 2887 0111111.
233 2833 402 2886 oecumenici
415 2834 633 2897 Sanctornmque
648 2831 697 2898 qni
710 2846 741 2882 oo
756 2831 884 2897 floruere,
901 2831 991 2897 doleo,
1004 2833 1128 2898 inquam,
1144 2832 1217 2898 quod

92 2924 155 2990 ipse
169 2921 245 2975 hand
259 2923 384 2976 voluerit
397 2922 479 2975 nobis
490 2922 618 2974 indicare
629 2921 743 2974 ubinam
755 2920 916 2988 hujusmodi
929 2922 1036 2973 vetusti
1046 2921 1217 2974 Kalendarii

95 3012 206 3066 codices
226 3013 416 3080 reperiantur,
431 3015 463 3064 ut
483 3012 593 3064 ocnsnli
612 3011 734 3077 possint.
759 3010 840 3063 (terte
859 3011 938 3063 iuter
957 3013 1001 3062 tot
1024 3011 1155 3075 Syriacos
1175 3026 1216 3062 oo·

96 3102 172 3156 dices
194 3103 243 3168 qni
261 3103 365 3155 Romae
384 3105 525 3168 prostant,
542 3101 648 3153 nullibi
662 3102 749 3152 talem
763 3099 884 3152 codicem
898 3098 992 3152 datum
1011 3099 1081 3150 mihi
1100 3099 1157 3152 fuit
1174 3099 1217 3150 in-

96 3191 205 3257 venire,
222 3191 283 3244 sive
302 3192 333 3242 in
352 3190 533 3243 Bibliotheca
552 3191 702 3255 Vaticana,
718 3191 780 3242 sive
799 3190 830 3240 in
849 3189 992 3252 Bongiana
1011 3188 1218 3240 (1011111010

97 3282 181 3348 Prop.
196 3279 278 3331 riae.
294 3277 372 3342 Quod
385 3279 411 3330 si
423 3277 593 3330 Assemanas
608 3281 673 3343 post
688 3277 842 3330 Naironum
863 3276 989 3328 alludere
1013 3277 1077 3328 vult
1090 3275 1125 3326 ad
1145 3275 1219 3329 illud

97 3367 302 3422 Kalendarinm
322 3366 394 3433 quod
410 3367 591 3419 allaronitis
607 3381 667 3418 cnm
680 3366 804 3432 ipsorum
817 3365 927 3416 missali
941 3365 1044 3416 Romae
1060 3379 1133 3416 anno
1149 3365 1218 3414 1716

97 3459 263 3526 impressum
276 3459 330 3523 eet,
342 3457 445 3508 sufficit
458 3458 572 3508 notasse
587 3453 899 3506 10.hocKa1endarium
909 3453 984 3504 nihil
996 3448 1147 3522 alinigesse
1161 3453 1220 3504 nisi

96 3545 303 3602 Kalendarium
321 3544 522 3609 recutitorum,
543 3557 577 3594 ex
598 3557 651 3608 quo
671 3556 823 3607 suppressa
843 3544 909 3592 sunt
928 3541 1066 3592 nonnulla
1086 3556 1119 3591 ex
1140 3541 1218 3594 hete—

94 3635 213 3690 rodoxis
232 3633 403 3699 nominibus,
420 3633 518 3698 cuique
537 3630 636 3683 addita
649 3630 727 3681 inore
745 3630 791 3680 hio
804 3629 867 3680 illic
880 3629 1043 3682 Sanctorum
1057 3630 1172 3681 nomina
1186 3645 1220 3682 ex

95 3723 273 3778 Kalendario
286 3725 411 3776 Romano
432 3722 589 3788 desumpta,
610 3723 642 3771 ut
661 3734 705 3774 ex.
723 3733 765 3782 gr.
781 3718 808 3771 S.
824 3719 966 3771 Brunonis
986 3717 1022 3770 ad
1042 3717 1058 3767 6
1077 3719 1218 3784 Octobris,

96 3815 226 3870 Omnium
245 3815 409 3868 Sanctorum
428 3812 463 3864 ad
484 3813 497 3863 l
518 3812 602 3876 Nom,
627 3809 655 3862 S.
670 3808 814 3860 Ambrosii
833 3809 913 3860 Doat.
929 3807 964 3860 ad
984 3809 1000 3858 7
1020 3809 1097 3874 Dec,
1120 3811 1173 3859 010.
1187 3837 1220 3844 -

98 3908 134 3958 2⁰.
149 3903 195 3957 Ad
214 3905 288 3957 diem
308 3905 341 3956 15
360 3907 480 3970 Septem.
495 3901 557 3973 (abi
576 3901 608 3952 in
627 3898 773 3964 praedicto
794 3897 970 3951 Kalendario
984 3898 1107 3964 positum
1121 3900 1165 3949 est
1180 3896 1221 3946 fe·

98 3997 174 4047 stum
193 3996 244 4047 Sea
261 3987 459 4061 Sanctorum)
478 3991 578 4043 haberi
597 3989 629 4040 in
650 3988 843 4040 Jacobitarnm
868 3987 1044 4040 Kalendario
1071 3988 1123 4036 aaa
1145 3984 1222 4033 Mar-

98 4090 190 4150 tyrum
212 4073 300 4156 lgm
322 4073 453 4155 lb-ag,
479 4079 551 4146 quod
571 4079 656 4133 iacile
683 4078 786 4130 nrntari
805 4079 900 4144 potuit
924 4077 956 4128 in
975 4079 1026 4128 sea
1047 4071 1222 4138 synodorum
