3018 4672
554 124 718 168 arruuurx
735 126 758 169 r.
1170 105 1213 174 99

85 239 120 304 Ζο
147 237 303 327 XIII),
327 236 641 306 BARHEBRAEI
662 235 861 325 maphriani
885 238 935 324 (1)
966 263 1007 308 ex
1026 240 1131 330 Syris
1154 239 1214 308 Ja-

82 346 210 414 cobitis
233 348 312 431 (ecc.
328 344 433 412 XIII
435 395 442 412 .
441 350 474 432 ),
500 343 772 412 BENASSALI
786 346 931 415 celebris
947 349 1147 417 canonistae
1164 350 1215 436 (2)

80 475 123 522 ex
147 454 268 543 Captis
291 449 526 540 (rechma,
551 452 674 521 AMRI
695 453 950 522 ΜΑΤΤΗΑΕΙ
978 455 1027 545 (3)
1051 480 1093 524 ex
1109 456 1212 524 Chal·

81 561 180 630 daeis
202 563 279 648 (ecc.
296 559 355 628 XI
359 559 393 629 V.
391 566 425 649 ),
442 560 662 652 aliorumque
686 561 756 648 (4);
783 565 830 646 et,
847 561 936 652 qued
959 563 1111 631 omnium
1129 585 1208 652 gra-

82 743 235 795 Ohrem'cr'a
258 742 287 796 S.
308 741 454 796 Francisci
482 742 533 793 lib.
555 745 581 794 3.
599 759 630 806 p.
646 745 673 794 3.
694 741 819 794 retertur
839 741 872 794 de
892 745 1101 809 superstitiosis
1122 747 1211 798 Mero·
1248 781 1250 789 ·

79 831 208 883 uitarum
230 831 310 883 illius
330 830 465 897 temperis
486 830 631 882 moribus?
659 829 695 880 θ’.
717 828 773 881 Ubi
798 830 926 895 loquitur
955 829 988 882 de
1014 833 1211 888 Eucharistiae

79 923 270 985 sacramento,
283 935 344 972 eum
356 917 426 987 (sol.
437 920 498 988 45.)
516 934 649 986 expresse
670 917 874 985 praescribere,
895 921 927 970 ut
946 921 1031 986 pauis
1044 922 1211 977 eucharisti-

78 1025 128 1063 cus
157 1025 216 1062 non
236 1010 276 1062 sit
297 1023 447 1076 «azymus,
470 1008 519 1061 sed
539 1010 608 1061 benc
621 1009 848 1060 fermentatus.»

152 1096 196 1172 (1)
215 1100 388 1168 Iujuriosum
407 1101 452 1151 est
470 1099 536 1151 huic
556 1101 637 1152 tanto
653 1101 725 1164 viro,
739 1099 818 1165 adeo,
836 1101 909 1151 teste
923 1101 985 1166 ipso
1000 1099 1163 1168 Assemauo‚
1179 1103 1210 1154 iu

77 1190 164 1243 rebus
184 1188 400 1253 investigandis
420 1191 558 1254 accurato,
580 1201 707 1240 asserere
730 1203 790 1240 eum
805 1202 875 1253 quae
888 1187 922 1239 dc
934 1190 1086 1242 Maronitis
1100 1191 1130 1241 iu
1151 1191 1210 1243 suis

78 1278 201 1345 scriptis
220 1277 311 1330 refert
322 1273 369 1350 (V.
380 1276 479 1330 Assem
493 1280 528 1330 Β.
541 1279 571 1330 0.
587 1282 640 1333 aa.
651 1293 721 1344 pap.
731 1274 805 1348 293),
821 1279 902 1330 nulla
915 1283 992 1330 certa
1006 1279 1127 1332 scientia
1139 1295 1208 1333 coru·

76 1368 165 1433 perta
178 1365 321 1430 habuisse,
337 1365 387 1418 scd
401 1381 435 1418 ex
446 1366 586 1431 Eutychio
597 1363 795 1418 Alexandrino
807 1382 839 1418 ea
853 1367 1079 1433 transcripsisse.
1095 1369 1208 1421 Etenim

76 1472 128 1510 our
148 1455 226 1508 nihil
245 1455 323 1508 aliud
338 1471 420 1522 quam
439 1457 512 1508 hano
531 1455 565 1508 de
584 1456 736 1508 Maronitis
755 1457 924 1508 relationem
945 1457 980 1509 ab
1000 1458 1053 1509 illo
1072 1459 1209 1511 Melchita

77 1549 194 1599 auctore
214 1547 455 1614 transcripsisset,
471 1529 531 1599 cum
544 1547 622 1598 iuter
635 1547 745 1598 ceteras
757 1546 904 1612 utriusque
919 1546 1099 1599 narrationes
1118 1548 1208 1600 histo·

76 1637 155 1688 ricas
169 1650 225 1687 nou
238 1637 302 1688 leve
314 1634 476 1687 intercedat
494 1635 660 1687 discrimen?
676 1635 731 1688 Gur
744 1635 869 1688 Maronis
884 1637 1013 1688 monachi
1026 1637 1161 1703 fabulam,
1178 1642 1210 1690 ut

77 1727 145 1791 ipse
167 1723 274 1777 Assem.
297 1740 358 1777 eam
377 1728 470 1790 vocat,
491 1725 687 1777 Barbebraeus
706 1739 740 1775 ex
761 1725 902 1790 Eutychio
926 1740 983 1788 uon
1012 1727 1209 1791 transcripsit?

76 1813 191 1868 Deinde
205 1815 307 1881 eoipse
320 1813 393 1881 qnod
403 1813 574 1867 Asscmanus
584 1814 757 1866 Barbebraei
768 1813 850 1866 fldem
865 1815 1006 1866 Willelmi
1021 1814 1103 1880 Tyrii
1116 1819 1208 1869 aucto·

75 1904 169 1957 ritate
188 1903 361 1957 labefactare
375 1906 478 1970 tentat,
489 1905 574 1972 huJ‘us
593 1903 792 1956 auctoritatem
803 1904 934 1956 affirmat.
947 1903 1016 1955 lude
1030 1904 1105 1955 euim
1119 1907 1212 1970 sequi·

77 1991 136 2055 tur,
159 2005 256 2042 verum
269 2005 330 2042 esse
344 1988 416 2056 quod
432 1989 593 2041 Willelmus
607 1983 715 2054 narrat,
731 2004 830 2054 nempe
848 1989 1005 2040 Maronitas
1028 1989 1120 2039 seculo
1139 1990 1205 2042 XII.

76 2079 114 2131 ad
134 2079 292 2132 catholicae
310 2078 454 2130 Ecclesiae
475 2077 567 2129 sinum
586 2092 715 2130 reversos
740 2092 811 2130 esse.
827 2077 957 2128 ceterum
972 2078 1052 2128 nulla
1066 2077 1207 2128 contradi-

75 2168 136 2221 ctio
156 2168 234 2220 iuter
252 2167 424 2220 willelmum
444 2169 473 2218 et
492 2166 709 2218 Barbebraeum.
731 2167 802 2218 Mam
829 2166 883 2217 etsi
911 2165 962 2217 sub
991 2166 1088 2218 horum
1114 2166 1207 2230 priore

75 2257 204 2310 maxima
228 2271 294 2324 pars
312 2256 514 2308 Maronitarum
534 2271 671 2308 conversa
691 2271 751 2308 essa
772 2255 887 2321 dicitur,
915 2255 978 2306 sine
1003 2253 1087 2306 dubio
1114 2257 1207 2306 tamen

76 2346 215 2399 nonnulli
233 2345 323 2398 adhuc
340 2346 526 2398 remanebant
544 2360 600 2398 uon
620 2345 752 2398 conversi
770 2359 857 2411 usque
877 2343 912 2396 ad
936 2344 1109 2397 Barbebraei
1140 2349 1210 2398 tem·
1294 2409 1297 2414 ,

76 2451 142 2504 pus,
158 2435 241 2487 immo
255 2450 341 2501 nsque
355 2435 390 2487 ad
404 2450 458 2488 sec.
472 2435 549 2488 ΧΨ.
576 2450 629 2500 quo
648 2433 794 2499 Eugenius
806 2435 856 2487 IV.
872 2434 954 2486 Pont.
967 2435 1041 2486 Max.
1055 2436 1206 2487 multorum

74 2526 285 2579 Maronitarum
297 2525 510 2577 conversionem
525 2525 647 2591 excepit.
662 2523 729 2577 Vid.
744 2539 814 2591 quae
828 2523 906 2576 infra
928 2523 1062 2576 dicemus.
1079 2526 1206 2591 Denique

74 2629 125 2668 cur
144 2613 323 2666 Barbebraec
348 2612 517 2666 Assemanus
545 2613 628 2665 iidem
647 2615 777 2679 praestat
802 2628 863 2664 cum
882 2613 908 2664 is
936 2612 1090 2665 historiam
1118 2614 1205 2666 Theo-

74 2703 155 2770 phili
173 2702 346 2756 Autiochaui
367 2704 526 2756 Maronitas
544 2705 620 2754 solae
638 2705 738 2755 narrat
750 2701 798 2773 (V.
814 2702 879 2754 Bit.
897 2703 943 2754 Or.
960 2709 981 2754 t.
997 2708 1022 2754 1.
1032 2719 1103 2768 pap.
1118 2701 1203 2774 521),

76 2810 139 2846 eam
160 2796 255 2846 tamen
272 2793 321 2846 illi
340 2793 462 2859 denegat
480 2809 540 2845 cum
560 2793 593 2844 de
615 2793 766 2846 Maronitis
786 2791 878 2844 tradit
897 2791 927 2844 id
946 2792 977 2843 iu
992 2807 1044 2858 quc
1058 2795 1102 2844 tot
1114 2795 1205 2846 aucto·

75 2899 125 2936 res
145 2884 286 2954 cumipse
308 2883 480 2936 concinunt?

152 2969 194 3045 (2)
213 2975 267 3026 Hic
285 2971 372 3048 (apud
382 2972 560 3026 Reuaudant.
575 2973 606 3024 iu
619 2972 696 3025 Hiar.
712 2973 792 3025 Patr.
808 2975 888 3025 Alea.
899 2990 968 3039 pap.
986 2969 1049 3042 149)
1063 2973 1205 3040 expressis

75 3065 176 3118 verbis
196 3063 285 3116 relert
303 3064 504 3116 Maronitarum
530 3065 642 3127 gentem
669 3077 758 3129 nuper
781 3061 816 3114 ad
841 3062 1010 3114 Francorum
1037 3061 1204 3126 religionem

76 3153 246 3208 transiisse.

151 3238 194 3314 (3)
213 3243 266 3294 Hic
279 3247 384 3310 auctor,
400 3241 570 3308 Eutychium
589 3240 815 3294 Alexandrinum
835 3245 955 3306 secutus,
969 3239 1077 3306 passim
1090 3240 1203 3292 nomine

77 3332 294 3386 Maronitarum
313 3332 448 3396 designat
466 3333 672 3383 Morrotteleica
692 3344 887 3398 quoscumque,
904 3327 1132 3394 quemadmodum
1151 3329 1204 3381 Eu-

77 3421 178 3489 tychio
199 3422 259 3488 ejus
279 3421 436 3487 exemplari
461 3419 536 3472 idem
556 3424 640 3473 sonat
658 3421 857 3471 Mclcbs'rarum
872 3432 971 3469 nomeu
986 3433 1017 3470 ac
1032 3419 1204 3470 &thodoro-

76 3529 142 3565 ram
161 3525 211 3563 seu
231 3511 453 3563 Octtolicorura.
468 3509 598 3563 (letarum
617 3509 693 3562 nihil
713 3510 760 3562 hic
779 3512 880 3562 notare
894 3506 1003 3560 credidi
1016 3507 1049 3559 de
1063 3507 1218 3572 Eutychio·

76 3599 278 3657 Alexandrino
298 3603 328 3651 et
346 3590 490 3652 Willelmo
508 3599 605 3666 Tyrio,
621 3613 737 3666 quorum
758 3597 925 3651 testimonia
945 3597 1031 3649 nimis
1044 3602 1113 3650 uota
1126 3603 1201 3665 sunt,

77 3697 111 3746 nt
130 3690 346 3744 commentariis
367 3689 530 3754 indigeant.

151 3775 195 3852 (4)
213 3779 267 3832 His
286 3778 475 3832 accensendus
495 3782 540 3832 cst.
558 3783 654 3832 auctor
666 3777 832 3830 Octechs'amr'
851 3775 913 3846 (seu
932 3775 1205 3847 potiusApoloqr’ae)

77 3871 284 3936 Jacobitcrarrre²
298 3869 331 3921 de
346 3884 399 3935 quo
409 3869 505 3922 confer
518 3868 626 3923 Assem.
639 3868 716 3919 Bidl.
732 3869 777 3920 Or.
790 3875 810 3918 t.
823 3871 848 3920 2.
856 3883 925 3933 paq.
938 3873 994 3933 67„
1007 3867 1110 3934 quique
1121 3869 1204 3930 longe

79 3965 148 4028 post
166 3959 321 4012 adveutum
340 3959 512 4012 Francorum
531 3959 562 4010 iu
582 3958 727 4012 Orientem
746 3956 916 4024 compositus
937 3959 990 4008 cst.
1004 3955 1107 4009 Auctor
1120 3955 1204 4021 hujus

79 4049 188 4117 operis,
213 4048 247 4099 de
278 4047 357 4115 cujus
377 4047 530 4100 authentia
548 4045 691 4099 immerito
711 4045 858 4099 dubitavit
876 4044 1070 4098 Renaudotius
1095 4044 1125 4095 iu
1145 4043 1201 4093 Lit.

1047 4157 1064 4190 ἡ
