3048 4674
308 133 352 205 36
621 157 660 199 na
681 151 846 198 rainerus
870 149 1116 194 raararurrars

309 267 548 358 Ctesiphontis
579 287 784 354 parvarum
816 261 1027 351 principium
1058 284 1135 329 cum
1160 261 1253 330 falsa
1277 263 1436 352 applice-

309 379 440 446 tiones
458 373 533 441 suis
554 378 703 454 oreatus,
719 391 885 438 summam
905 369 1151 436 auctoritatem
1174 368 1211 436 in
1232 392 1356 440 omnes
1371 371 1436 441 Ne·

310 482 483 552 storianos
507 480 653 570 adeptus
670 485 734 548 est.
754 478 877 546 Omnes
894 475 984 543 enim
1001 475 1107 564 hujus
1125 481 1240 546 sectae
1252 499 1434 569 sequaces,

310 589 371 680 qui
388 587 486 656 brevi
510 587 674 676 tamporis
690 583 794 674 lapsu
811 585 865 652 ita
888 581 1119 674 multiplicati
1143 591 1238 667 sunt,
1256 589 1373 674 etque
1395 585 1437 650 ad

310 695 559 766 remotissimas
583 693 741 783 regiones
764 691 924 760 colendas
941 697 1186 781 pervenerunt,
1206 699 1247 760 ut
1263 691 1437 762 ecclesias

311 801 500 870 habuerint
521 807 655 870 erectas
680 821 788 890 usque
813 799 850 866 in
874 797 1039 866 Sinarum
1063 799 1283 883 civitatibus,
1304 821 1434 882 omnes,

311 911 466 1000 inquam,
481 910 524 976 ab
540 931 608 976 uno
625 908 687 975 illo
704 905 881 976 Seleuciae
898 906 1102 994 patriarcha
1114 908 1327 996 pendebant;
1345 906 1438 995 ejus·

312 1038 378 1108 que
402 1015 571 1098 statutis,
590 1014 782 1096 mandatis,
808 1012 972 1096 nutibus,
999 1034 1087 1102 quae
1111 1013 1185 1081 sive
1209 1013 1438 1104 disciplinam

272 1171 277 1178 -
312 1122 595 1205 ecclesiasticam,
621 1121 695 1189 sive
720 1120 820 1189 fidem
844 1120 1067 1208 respicerent,
1094 1121 1169 1190 sine
1192 1121 1267 1188 ulla
1292 1120 1439 1212 querele

312 1231 605 1320 obtemperabant.
640 1227 717 1296 Uno
752 1228 857 1298 verbo
892 1226 1113 1316 patriarchae
1146 1227 1438 1299 Nestoriancrum

313 1338 427 1406 omnia
450 1338 574 1406 summi
597 1335 776 1406 Pontificio
797 1335 881 1423 jura
897 1355 983 1422 erge
998 1356 1078 1402 suos
1094 1357 1264 1420 exercere,
1280 1338 1438 1424 synodos

255 1497 272 1516 ,
312 1465 514 1528 convocare,
539 1443 585 1510 iis
608 1441 818 1532 praesidere,
839 1463 1024 1531 eorumque
1048 1440 1188 1510 decreta
1211 1442 1435 1527 confirmare,

313 1551 498 1639 liturgiam
521 1556 557 1617 et
580 1548 714 1619 cultum
737 1547 911 1637 dirigere,
937 1547 1176 1636 metropolitae
1200 1555 1236 1618 et
1254 1550 1439 1641 epiecopus

315 1658 412 1726 modo
436 1657 651 1740 confirmare,
670 1655 768 1724 modo
795 1655 864 1744 ipsi
876 1654 981 1743 juxta
997 1677 1097 1723 suum
1113 1655 1283 1745 placitum
1300 1680 1435 1744 creare,

314 1785 422 1834 novos
436 1763 546 1832 libros
563 1764 754 1854 approbare
771 1762 827 1832 vel
844 1761 1081 1846 condemnere,
1100 1763 1207 1831 dubia
1223 1765 1320 1832 circa
1332 1765 1438 1834 fidem

313 1880 435 1941 exorta
451 1871 597 1956 solvere,
614 1869 894 1939 visitationesad
910 1868 1034 1936 limina
1051 1891 1115 1937 sua
1130 1871 1174 1937 ab
1190 1869 1352 1939 omnibus
1371 1895 1436 1940 me·

313 1979 491 2070 tropolitis
515 1986 551 2047 et
573 1979 742 2070 episcopis
764 1977 916 2066 exigere,
932 1982 967 2044 et
982 1975 1054 2042 alia
1069 1977 1200 2044 similia
1214 1977 1319 2068 plena
1340 1986 1438 2068 pote·

312 2092 405 2154 state
427 2093 463 2154 et
485 2109 645 2176 suprema
665 2083 924 2173 jurisdictione,
943 2104 964 2148 a
984 2104 1052 2173 qua
1067 2083 1111 2152 ad
1126 2084 1298 2172 synodum
1316 2085 1437 2176 appel·

311 2194 387 2261 lare
401 2192 500 2258 nefas
517 2197 606 2275 erat,
629 2213 689 2280 per
713 2190 868 2280 plurium
892 2188 1085 2257 seculorum
1109 2190 1293 2258 decursum
1319 2192 1438 2261 facere

312 2298 383 2368 visi
400 2305 495 2366 aunt.
514 2297 608 2364 Haec
624 2296 737 2364 omnia
757 2317 869 2363 nonne
889 2295 1073 2362 manifeste
1089 2295 1342 2382 demonstrant,
1359 2299 1438 2367 illis

311 2406 451 2498 populis
480 2405 686 2474 christianis
714 2403 1030 2494 perspectissimum
1053 2403 1163 2473 fuisse
1190 2405 1438 2500 mentibusque

312 2535 429 2582 eorum
451 2514 522 2582 alte
539 2514 658 2597 fixum,
676 2512 880 2595 Ecclesiam,
893 2511 998 2600 juxta
1017 2512 1304 2580 constitutionem
1331 2537 1438 2605 quam

312 2619 476 2690 Christus
499 2621 555 2690 illi
579 2621 661 2690 dare
686 2619 812 2703 voluit,
838 2619 913 2686 sine
941 2641 1072 2686 summo
1095 2624 1131 2687 et
1154 2620 1352 2690 universali
1371 2623 1435 2691 Ca·

312 2729 385 2818 pite
412 2730 603 2798 subsistere
632 2752 700 2797 non
724 2728 852 2816 posse?
986 2809 989 2814 r

380 2835 480 2918 Quod
496 2837 666 2904 hactenus
682 2836 723 2902 de
739 2834 959 2903 Nestorianis
986 2833 1196 2902 festinanter
1219 2835 1437 2923 praelibavi·

312 2963 399 3026 mus,
415 2941 504 3009 idem
521 2943 593 3010 fere
611 2941 651 3008 dc
665 2940 767 3029 Syris
780 2939 803 3006 J
805 2938 952 3007 acobitis
965 2938 1146 3007 dicendum
1159 2945 1223 3007 est.
1240 2941 1310 3021 uui
1325 2965 1438 3036 usque

312 3047 357 3116 ad
377 3047 532 3116 seculum
548 3047 626 3114 Vi'.
656 3046 694 3112 in
718 3068 785 3136 quo
803 3066 906 3134 opera
922 3044 1044 3143 Jacobi
1056 3045 1226 3114 Baradaei
1243 3049 1438 3139 monophy-

313 3155 442 3224 sitismi
467 3152 734 3242 diligentissimi
762 3151 913 3219 fautoris
933 3153 976 3220 ab
1003 3150 1162 3218 Ecclesia
1188 3153 1364 3222 catholica
1387 3181 1437 3224 se·

312 3262 429 3351 parati
455 3270 548 3346 sunt,
577 3283 638 3350 per
666 3259 943 3351 patriarchatum
966 3257 1243 3344 Antiochenam,
1271 3262 1331 3329 cui
1359 3270 1437 3331 tota

313 3391 398 3458 gens
407 3369 554 3456 Syriaca
567 3367 821 3455 subjectaerat,
833 3387 853 3430 a
866 3364 1028 3454 pontifice
1037 3365 1189 3432 Romano
1202 3388 1302 3457 quem
1311 3390 1436 3438 eorum

313 3479 534 3543 monumenta
546 3475 746 3555 ostendunt,
760 3478 800 3539 ut
809 3471 1013 3555 videbimus,
1029 3472 1139 3539 solum
1153 3495 1226 3540 esse
1235 3473 1436 3562 legitimum

313 3581 411 3648 Petri
439 3602 680 3664 successorem,
696 3579 832 3648 omnino
853 3579 1060 3668 pendebant;
1084 3585 1120 3646 et
1143 3581 1195 3648 sic
1209 3604 1270 3669 per
1291 3581 1384 3652 hanc
1416 3609 1437 3652 a

314 3686 453 3755 Christo
476 3687 677 3755 institutam
702 3686 873 3776 politiam,
888 3686 1037 3754 unitatis
1057 3686 1234 3757 Ecclesiae
1253 3689 1435 3760 universa-

313 3971 370 4008 aem
394 3956 604 4022 metropolitam
623 3957 672 4022 qui
691 3959 759 4008 tune
778 3959 841 4009 erat
862 3957 976 4024 quidam
997 3959 1088 4024 Papae
1108 3958 1229 4024 nomine,
1253 3957 1372 4011 litteras
1388 3962 1433 4013 sui

313 4045 436 4097 omnium
457 4045 569 4098 nomine
596 4045 725 4109 misisse,
754 4046 858 4110 quibus
888 4045 935 4097 illi
961 4045 1132 4110 dignitatem
1154 4046 1380 4112 patriarchalem
1404 4051 1433 4100 in

313 4137 372 4188 toto
390 4135 541 4188 Persarum
563 4135 681 4202 imperio
703 4133 888 4190 contulerint.
