3006 4672
281 149 327 214 44
623 171 664 214 ns
688 171 767 216 sorr.
787 172 882 215 rona.
902 172 1052 216 rameru

282 277 440 350 Ecclesia
463 280 736 370 Syrocbaldaica
759 283 860 350 dccet
890 307 931 352 ac
961 289 1086 364 tenet,
1111 282 1296 371 episcopos
1316 282 1400 368 Apo

284 387 449 456 stolorum
473 409 687 457 successores
709 411 794 456 ease.
822 389 924 474 Nam,
943 397 1035 458 teste
1049 389 1146 457 Mose
1161 388 1400 477 Barcepbstn·

284 493 352 562 tiee
364 493 483 578 citato,
495 495 529 562 in
545 493 777 582 Emporitione
789 501 1076 564 caeremoniarum
1086 496 1333 562 ordinacionis
1343 493 1400 580 (1):

124 607 255 707 m
288 599 403 670 «Ideo
426 607 671 686 (consecrator)
693 623 771 668 eum
786 605 887 688 (idest
903 609 1160 688 consecratum)
1172 603 1401 684 inthronizat,

288 733 304 770 n
321 707 456 776 scilicet
470 727 545 776 enm
562 713 616 776 ter
633 707 750 776 sedere
767 709 854 778 iacit
864 711 902 777 in
914 711 1054 794 tbrono,
1067 711 1226 779 clamans
1237 711 1275 777 in
1288 711 1403 798 singu·

287 839 303 876 n
321 813 368 882 lia
392 813 601 883 macionibus
617 812 729 896 'Alma
748 816 839 886 idest
855 818 998 907 dignus,
1012 825 1054 885 ut
1069 823 1224 885 testetur
1240 823 1320 884 turn
1336 817 1405 904 ipse

287 925 397 989 ntum
416 919 470 988 illi
490 921 548 1012 qui
567 927 645 1012 post
665 925 777 1014 ipsum
796 925 982 1008 assistunt,
1006 929 1249 993 consecratum
1262 923 1407 1011 dignum

172 1095 176 1106 ,
287 1049 394 1098 neree
417 1027 609 1114 vocationis
631 1037 667 1098 et
689 1031 870 1101 electionis
886 1031 944 1099 cui
968 1053 989 1097 a
1011 1032 1085 1098 Deo
1109 1037 1259 1100 vocatus
1282 1039 1350 1113 est,
1374 1037 1409 1096 et

106 1147 255 1224 mm
288 1161 303 1198 n
323 1135 458 1202 bonoria
469 1133 559 1204 cedia
572 1139 790 1226 apostolicae.
805 1167 821 1202 n
836 1139 885 1206 Et
900 1138 1019 1228 paullo
1031 1145 1111 1226 post
1123 1137 1187 1223 (2);
1206 1167 1224 1202 a
1237 1137 1408 1205 Baculum

288 1271 302 1306 a
321 1251 415 1314 tenet
428 1267 503 1314 com
520 1253 753 1332 consecratur,
768 1247 905 1316 scilicet
921 1248 1092 1315 virtutem
1109 1247 1269 1314 divinam
1285 1253 1324 1313 et
1339 1268 1409 1312 mu·

288 1377 303 1414 n
321 1373 387 1420 nne
409 1353 635 1444 apostolicum
649 1355 738 1448 quod
751 1355 919 1424 Dominus
932 1359 1052 1422 noster
1064 1353 1247 1442 Apostolis
1265 1353 1377 1421 dedit.
1394 1379 1408 1412 n

285 1457 436 1528 Eandem
460 1461 644 1530 veritatem
667 1468 863 1551 agnoscunt
893 1461 1085 1546 Chaldaei,
1112 1468 1204 1530 teste
1234 1461 1323 1528 Elia
1346 1461 1412 1527 Da·

287 1587 452 1646 maeceno,
474 1565 587 1658 quiin
611 1591 672 1637 suo
696 1571 932 1638 Nomocanone
954 1570 1093 1637 arabice
1117 1569 1252 1658 scripto
1276 1568 1332 1635 ait
1348 1568 1411 1654 (3):

159 1673 256 1754 flflfl
290 1673 407 1742 uCcm
431 1679 545 1743 entem
569 1675 730 1766 Apostoli
748 1700 888 1746 cursum
912 1699 1013 1745 suum
1031 1675 1298 1766 compleverint,
1318 1681 1358 1743 et
1371 1675 1414 1741 ad

289 1809 304 1848 a
323 1781 505 1852 Dominum
519 1781 760 1872 migraverint,
772 1785 925 1874 ipsorum
939 1785 1051 1853 locum
1068 1789 1261 1852 tenuerunt
1277 1805 1414 1852 succes·

153 1876 156 1887 ’
289 1909 417 1959 ascrae
431 1895 465 1958 et
478 1887 621 1958 heredes
644 1911 774 1959 eorum.
796 1891 1014 1960 Dicebantnr
1026 1897 1143 1958 antem
1155 1899 1242 1959 tunc
1254 1889 1415 1978 episcopi

289 2023 304 2060 a
324 1996 383 2088 qni
408 1997 586 2087 Apostolie
609 1997 839 2066 succedebant
862 1997 981 2086 stipsi
1006 1999 1168 2086 apostoli.
1188 2024 1204 2057 n
1223 1996 1312 2065 Cum
1330 2018 1416 2084 ergo

284 2101 387 2190 ,juxa
410 2103 633 2173 traditionem
647 2103 824 2172 Ecclesiae
841 2103 1137 2192 Syrochaldaicae
1152 2103 1307 2192 episcopi
1323 2105 1417 2192 Apo-

288 2209 388 2280 stolie
411 2207 612 2294 succedunt,
639 2209 699 2278 ille
717 2211 776 2301 qni
800 2211 904 2278 Petro
919 2209 1095 2279 Ecclesiae
1113 2210 1222 2300 capiti
1238 2210 1413 2293 succedit,

287 2317 419 2388 easdem
446 2315 571 2386 babere
596 2317 696 2386 debet
719 2318 983 2407 praerogativas
1007 2338 1048 2385 ac
1071 2317 1210 2385 Petrus.
1225 2317 1324 2404 Ergo
1342 2317 1415 2404 epi-

288 2445 410 2514 scopas
434 2423 621 2506 Romanas,
638 2421 698 2515 qni
723 2421 816 2491 eolus
841 2428 894 2491 eet
924 2423 1024 2490 Petri
1054 2445 1255 2505 successor,
1283 2423 1416 2509 prima-

287 2537 361 2600 tum
385 2539 480 2601 tenet
500 2529 761 2620 jurisdictionis
784 2555 824 2600 ac
848 2530 1047 2620 magisterii
1077 2531 1115 2597 in
1147 2531 1317 2598 universa
1347 2531 1414 2598 Ec-

288 2637 406 2709 alesia.

353 2745 426 2815 Hoc
448 2751 563 2817 eutem
589 2747 678 2838 quod
703 2745 884 2816 indirectie
908 2745 1137 2835 argumentis,
1169 2744 1331 2836 quamvis
1361 2746 1414 2812 in-

288 2851 492 2924 victissimis
515 2853 681 2923 hactenus
705 2853 939 2943 probavimus,
958 2853 1127 2942 probatur
1143 2851 1249 2919 etiam
1265 2851 1414 2920 directis

287 2959 516 3052 argumentis,
542 2959 633 3030 idest
656 2959 760 3030 claris
784 2967 820 3029 et
848 2959 979 3049 apertis
1011 2957 1190 3028 Ecclesiae
1221 2957 1413 3046 Syrochal-

287 3067 406 3138 deicae
428 3063 650 3138 testimoniis.

353 3174 433 3244 Jam
456 3173 499 3244 ab
522 3171 778 3266 antiquissimis
802 3171 1015 3262 temporibus
1037 3169 1198 3240 Ecclesia
1222 3171 1413 3259 Syrochal·

288 3281 388 3354 daica
411 3281 636 3354 traditionem
668 3280 709 3348 de
739 3279 914 3349 Romanae
944 3277 1124 3350 Ecclesiae
1155 3300 1263 3366 supra
1294 3300 1413 3347 omnes

287 3388 376 3460 alias
400 3389 554 3482 primatu
577 3387 749 3458 didicerat
771 3407 793 3452 a
816 3385 853 3453 S.
867 3384 1010 3474 Ignatio
1032 3389 1203 3474 martyre,
1223 3384 1341 3473 gloria
1357 3383 1413 3452 Se-

288 3497 343 3568 dis
365 3497 603 3567 Antiochense
627 3493 750 3564 matris
772 3491 882 3561 totius
905 3491 1059 3562 nationis
1090 3490 1409 3578 Syrochaldaicae,

288 3611 392 3697 atque
423 3603 460 3672 in
495 3623 621 3694 magna
654 3599 894 3672 aestimatione
924 3605 960 3668 et
995 3599 1218 3668 veneratione
1250 3598 1410 3667 omnibus

289 3711 325 3782 in
361 3709 490 3780 seculis
523 3707 567 3777 ab
601 3707 665 3776 illa
698 3707 838 3778 natione
870 3706 1003 3776 habito.
1040 3705 1108 3775 Hic
1139 3704 1233 3773 enim
1267 3705 1305 3771 in
1337 3705 1410 3794 epi-

360 3987 402 4063 (1)
422 3987 488 4043 cod.
510 3983 755 4052 Sbcrf.pag.188
776 3999 860 4036 amec.

362 4075 404 4153 (t)
424 4075 541 4132 Ibldenr.

359 4167 401 4241 (t)
420 4165 487 4221 (led.
501 4167 567 4220 Vct.
584 4163 634 4216 1⁶⁷
654 4177 689 4215 ex
708 4161 794 4215 trab.
817 4175 881 4226 pag.
899 4161 933 4210 14
952 4175 1038 4210 emec.
