3006 4672
439 180 555 228 somma
580 184 805 238 nannononrr.
1136 171 1179 238 17

57 291 164 378 atqua
187 288 427 376 stabilitatem,
453 293 611 363 videmus
634 295 672 364 in
689 297 982 388 Syrocheldaicae
1001 303 1192 378 Ecclesiae

56 396 233 465 locutione
250 395 320 466 dici
333 397 446 490 ipsius
461 401 560 470 Petri
583 403 695 474 dotem
719 430 792 477 esse
824 402 885 497 (0,
908 409 949 489 1,
971 410 1024 492 Ν,
1047 411 1093 491 0,
1118 413 1179 494 V,

60 498 188 592 nn).
210 505 302 574 Hinc
315 529 414 596 saepe
429 509 587 578 videmus
598 511 636 580 in
648 517 879 586 monumentis
896 519 1180 609 Syroohaldaicis

58 611 143 696 dici,
159 635 277 680 veram
288 613 465 685 Ecclesiae
478 617 579 686 fidem
591 643 651 690 seu
668 644 786 692 sanam
803 625 995 696 doctrinam
1012 653 1073 700 seu
1085 632 1180 701 deni·

58 743 126 810 que
140 721 332 790 orthodoxa
348 723 521 814 dogmata,
541 728 637 796 Petri
654 752 728 799 esse
745 733 858 819 fidem,
874 736 1080 824 doctrinam,
1097 741 1180 830 dog·

55 829 165 897 mata.
183 829 329 899 Praeter
351 853 392 899 ea
415 855 502 925 quae
526 859 632 926 supra
654 840 852 927 attulimus,
875 842 983 932 juvat
998 853 1033 914 εὴ
1048 847 1120 916 elia
1135 849 1180 918 ad

56 939 225 1007 maiorem
249 939 446 1010 claritatem
470 946 636 1033 proferre.
651 945 776 1040 itaque
799 949 837 1018 in
859 950 1045 1022 Breviario
1061 954 1180 1023 feriali

58 1045 246 1136 Syrorum,
265 1050 371 1118 tertio
394 1057 563 1121 nocturno
579 1053 703 1124 Feriae
727 1057 797 1126 V.¹⁸
813 1057 876 1146 (l),
895 1059 945 1129 sic
968 1067 1047 1130 orat
1060 1063 1179 1132 Eccle-

57 1153 122 1221 sia:
154 1155 406 1248 aenomaus)
429 1161 625 1252 episcopos,
652 1164 712 1256 qui
735 1165 837 1234 fidem
860 1167 1119 1257 praedicarunt,
1145 1177 1181 1241 et
1212 1165 1325 1239 om

59 1292 76 1326 n
96 1265 209 1331 verbis
235 1267 382 1336 Simonis
405 1293 477 1336 eom
500 1269 683 1338 docuerunt
706 1273 780 1342 sine
811 1277 1060 1346 controversial
1088 1304 1104 1340 n
1137 1277 1181 1346 In

57 1373 246 1442 Breviario
268 1381 383 1444 autem
406 1375 670 1464 Chaldaeorum,
689 1379 782 1450 dicto
804 1373 854 1474 lot
877 1385 984 1466 Gaza,
1014 1383 1052 1452 in
1072 1385 1181 1454 officio

57 1481 249 1553 Doctorum
273 1482 482 1554 Graecorum
507 1486 557 1574 (2)
582 1488 725 1557 dicitur:
747 1518 762 1554 n
782 1491 868 1560 Tres
899 1491 1095 1578 architecti,
1122 1493 1183 1583 qni
1213 1495 1297 1568 ΜΝ

61 1619 76 1654 a
94 1590 330 1661 aedificarunt
342 1617 446 1683 super
453 1593 720 1684 fundamentum
732 1597 880 1665 Simonis
890 1600 1001 1682 Petri,
1012 1601 1184 1670 oeconomi

63 1700 227 1792 aquibus
251 1702 452 1771 commissus
476 1709 530 1771 est
552 1703 740 1772 thesaurus
764 1706 971 1795 spiritualis,
988 1735 1004 1770 n
1024 1714 1089 1776 etc.
1118 1709 1180 1798 (3).

60 1807 105 1878 Et
129 1809 238 1898 paulo
261 1817 339 1898 post
361 1811 431 1898 (4):
460 1810 607 1902 «Super
629 1812 895 1900 fundamentum
918 1817 1076 1882 veritatis
1100 1824 1183 1906 (seu
1214 1826 1299 1898 00

63 1943 76 1978 a
89 1918 293 2005 firmitatis)
306 1918 454 1985 Simonis
466 1917 565 1984 Petri
576 1919 850 1988 aedificaverunt
861 1921 937 1988 veri
951 1923 1152 2010 (Doctores).
1165 1950 1181 1986 n

61 2027 172 2096 Juxta
192 2030 340 2095 mentem
362 2025 475 2115 igitur
497 2025 674 2094 Ecclesiae
698 2027 1002 2115 Syrochaldaicae,
1027 2028 1185 2098 Ecclesia

63 2135 246 2220 catholica,
273 2156 387 2202 omnes
403 2135 479 2202 eius
496 2134 658 2224 episcopi,
673 2157 869 2224 praecones,
896 2137 1052 2205 doctores
1069 2137 1184 2206 ortho-

65 2247 186 2314 doxam
203 2243 305 2312 fidem
328 2241 425 2311 Petri
448 2242 569 2310 docere
593 2241 728 2328 debent,
755 2249 790 2311 εὴ
813 2243 956 2333 proinde
972 2245 1071 2313 illam
1087 2247 1130 2315 ab
1145 2270 1196 2317 eo-

64 2353 178 2422 dcceri
208 2353 303 2442 ipsos
334 2357 481 2442 oportet.
515 2352 571 2420 Ex
603 2374 669 2443 quo
700 2358 899 2444 sequentem
931 2356 1184 2426 conclusionem

65 2463 136 2532 sine
160 2461 369 2531 difficultate
385 2461 600 2530 deducimus.

129 2570 162 2637 9ο
186 2571 328 2638 Petram
358 2593 425 2636 esse
452 2571 631 2635 aniversae
660 2538 840 2636 Eccleside
869 2594 1058 2660 supremam
1081 2585 1185 2664 atque

66 2679 349 2769 irrefropobitem
364 2677 528 2747 doctorem
548 2676 609 2768 (0,
631 2677 688 2758 V,
709 2676 785 2768 Υ).
799 2679 873 2746 Hoc
890 2701 994 2747 sensu
1010 2679 1183 2750 ebiomca-

66 2788 119 2857 nit
139 2787 301 2859 Ecclesia
316 2787 464 2876 Syriaca
488 2789 525 2856 in
548 2790 657 2857 officio
680 2788 804 2857 Feriae
827 2786 917 2857 VL⁸⁰
940 2786 1053 2857 dictae
1076 2787 1182 2869 Auri,

69 2897 213 2966 secundo
237 2902 407 2964 nocturno
431 2896 493 2983 (b):
524 2896 657 2964 oDixit
679 2893 848 2964 Dominus
880 2893 1013 2963 Simoni
1034 2893 1182 2984 Aposto-
1213 2897 1304 2971 PP

70 3031 85 3066 a
102 3003 212 3072 lorum
226 3003 347 3093 capiti:
362 3002 524 3072 Manibus
536 3005 608 3072 tuis
622 3003 722 3071 trado
738 2985 930 3071 Ecclesiam
947 3024 1066 3070 meam:
1083 3023 1184 3091 pasce
1227 3029 1229 3034 ⁴

71 3113 189 3181 „mihi
212 3134 306 3181 meas
330 3111 499 3198 oviculas,
519 3133 627 3200 agnos
649 3134 752 3196 meos,
771 3117 807 3180 et
831 3132 911 3181 oves
935 3131 1038 3195 meas,
1056 3115 1092 3178 et
1108 3110 1184 3174 doce

72 3247 86 3282 n
104 3245 153 3288 eos
174 3221 315 3310 reputas
329 3222 530 3304 ministerii,
549 3244 626 3290 curn
642 3220 871 3290 sacerdotium
889 3219 937 3288 sit
955 3218 1116 3308 superius
1132 3239 1183 3286 re·

137 3402 177 3478 (1)
195 3405 279 3458 Edit.
291 3407 370 3456 Rom.
391 3419 456 3471 pag.
473 3404 534 3455 299.

138 3493 177 3568 (2)
196 3495 265 3548 ooo.
280 3495 355 3547 XLI.
371 3509 436 3561 pag.
450 3494 512 3546 437.

137 3583 177 3658 (3)
195 3588 231 3639 In
251 3585 352 3651 codice,
374 3601 408 3636 ex
429 3600 483 3650 qno
502 3585 549 3636 hic
568 3586 646 3636 locus
666 3584 773 3650 aliique
793 3583 849 3636 loci
862 3583 945 3636 citati
959 3587 1037 3650 sunt,
1052 3583 1183 3650 antiquis

75 3679 229 3730 nominibus
249 3676 425 3728 nestorianis
445 3675 604 3728 substituta
615 3677 683 3726 sunt
694 3675 808 3727 nomina
822 3674 965 3726 doctorum
979 3675 1183 3728 catholicorum

76 3783 91 3819 a
109 3767 310 3820 recentioribus
331 3765 498 3832 Catholicis;
515 3768 546 3818 at
559 3765 646 3818 verba
664 3765 727 3832 ipsa
746 3779 879 3818 versuum
898 3769 927 3818 et
946 3765 1119 3819 canticorum
1142 3768 1183 3817 to·

77 3857 130 3924 tius
142 3859 223 3910 officii
234 3857 345 3910 intacta
359 3859 527 3908 conservata
543 3859 618 3908 sunt.
635 3855 689 3918 Qui
703 3856 755 3908 hoc
767 3871 818 3922 per
831 3871 860 3908 se
874 3855 967 3922 ipsum
981 3855 1098 3928 probare
1110 3853 1182 3907 desi·

76 3947 157 4016 derat,
178 3949 263 4002 adeat
277 3949 404 4000 Muscam
417 3946 589 4012 Bongianum
602 3946 724 4011 collegii
737 3947 845 4000 Urbani
860 3944 1086 4012 dePropaganda
1096 3943 1177 4012 rios,

77 4037 121 4089 nbi
136 4043 248 4106 prostat
265 4037 345 4090 alind
364 4039 515 4104 antiquum
536 4038 680 4105 exemplar
699 4037 844 4090 Breviorii
863 4035 897 4087 de
918 4050 971 4102 quo
991 4049 1081 4088 sermo
1102 4036 1155 4086 est.

141 4125 179 4203 (4)
196 4129 307 4183 Ibidem
326 4144 390 4196 pag.
407 4127 470 4180 438.

140 4215 179 4292 (5)
199 4217 268 4274 cod.
283 4217 384 4273 LXIV.
405 4231 470 4286 pag.
486 4216 547 4272 119.

1047 4324 1068 4386 2
