3006 4672
250 75 295 142 4ss
598 101 639 144 ns
659 100 738 146 son.
754 99 851 146 noar.
865 102 1017 147 reinna

252 215 369 280 auum
397 231 465 279 non
495 206 632 281 tantoris
661 212 976 302 Syroohsldsiosm
1007 217 1150 303 gentem
1180 214 1247 281 hos
1275 234 1368 281 enno

253 337 315 386 nes
335 319 515 409 reoepisse3
538 339 617 386 nam
640 325 676 388 et
698 318 800 409 Copti
829 341 887 388 eos
918 319 1133 404 habuerunt,
1167 327 1205 388 et
1234 321 1274 387 in
1303 341 1369 387 eor·
1489 313 1498 376 ἶ

254 449 336 516 pore
365 425 459 516 juris
492 427 740 513 ecclesiastici,
775 439 855 496 non·
879 451 982 498 seons
1015 451 1058 498 ao
1093 427 1369 518 Syrorhsldsei,
1489 419 1495 483 ἓ

255 531 500 618 inseruerunt,
537 541 577 604 nt
610 533 731 604 videre
768 541 823 604 est
860 536 955 624 apud
993 535 1252 619 Bennssslnm,
1295 533 1374 604 eele-
1489 529 1496 591 ἶ

255 637 349 708 brem
385 639 568 730 Coptornm
605 641 832 710 canonistom.
869 640 1023 710 Etiamsi
1054 665 1139 711 vero
1174 641 1241 708 hos
1281 663 1375 710 onno-
1477 698 1496 702 ,

256 769 317 818 nes
347 747 454 837 vulgo
483 749 836 834 Nicaeae-arabicos,
870 750 1118 840 supposititios
1144 771 1224 817 esse
1254 748 1379 817 saltem
1491 801 1496 809 ,

258 855 295 925 in
317 861 417 946 porte
438 857 655 942 oonoodatnr,
681 861 724 924 ut
746 856 976 925 communiter
992 863 1123 946 putant
1138 856 1291 940 eruditi,
1314 877 1379 922 ma·

257 961 384 1030 rimam
406 967 519 1030 tamen
543 961 789 1030 autoritatem
812 961 955 1046 habent,
974 985 1053 1030 oum
1072 963 1100 1030 ii
1122 963 1227 1030 nobis
1249 967 1381 1030 testen-
1491 1021 1498 1027 .

257 1073 318 1139 tur
340 1091 428 1160 quae
457 1061 592 1138 fairint
614 1068 757 1137 illorum
780 1075 974 1160 temporum
993 1069 1259 1140 aeclesiasticae
1274 1069 1383 1138 tradi·
1421 1063 1430 1072 “
1491 1097 1495 1106 ·

257 1177 369 1246 tiones
390 1181 426 1245 et
456 1175 722 1246 eonsuetudines
756 1177 1003 1266 disciplinares
1035 1178 1130 1268 apud
1160 1177 1382 1260 orientales,
1491 1207 1493 1216 ’

258 1305 327 1350 non
361 1303 459 1352 seons
486 1301 527 1348 ao
561 1303 617 1350 res
651 1303 687 1351 se
709 1281 815 1352 habet
837 1283 951 1373 quoad
972 1283 1130 1352 Oenones
1154 1283 1267 1372 vulgo
1292 1285 1385 1374 Apo-

260 1391 432 1457 stolorum.
453 1387 504 1457 Eo
527 1393 643 1458 autem
666 1389 724 1457 vol
746 1390 894 1458 maxime
918 1389 958 1458 hi
989 1413 1139 1459 oenones
1169 1391 1388 1460 anctoritate
1493 1423 1496 1435 ·

235 1501 239 1510 '
261 1495 406 1586 pollent,
431 1493 520 1585 quod
542 1493 576 1566 ii
593 1499 668 1563 tum
691 1495 785 1584 apud
807 1494 1013 1581 Chaldaeos,
1038 1503 1116 1565 tum
1139 1497 1237 1587 apud
1261 1497 1386 1586 Syros,
1496 1509 1501 1564 ·.

261 1609 336 1672 tum
359 1601 505 1692 deniqne
527 1603 621 1691 apud
643 1601 788 1692 Coptos,
811 1609 854 1671 ut
877 1626 987 1692 supra
1017 1605 1223 1690 innuimus,
1251 1605 1292 1673 in
1318 1628 1390 1674 oor·
1495 1633 1499 1642 *

263 1731 344 1802 pore
363 1709 456 1799 juris
479 1707 708 1778 ecelesiastici
730 1708 857 1777 inserti
881 1709 964 1794 sint,
979 1731 1049 1778 non
1065 1733 1167 1780 secus
1183 1733 1226 1780 ao
1239 1733 1392 1780 oenones
1497 1718 1501 1782 J

264 1825 454 1890 oeterorum
478 1815 713 1886 consiliorum.

330 1927 495 1996 Jamvoro
517 1923 555 1992 hi
587 1945 732 1994 oenones
755 1923 902 1994 Nioaeni
930 1924 1041 2014 vulgo
1071 1925 1226 2010 arabici,
1249 1925 1394 2015 insigne
1496 2011 1499 2016 .

265 2033 364 2102 nobis
386 2030 550 2100 exhibent
572 2029 823 2113 testimonium,
842 2029 936 2098 oiroa
949 2029 1075 2098 horum
1090 2031 1304 2121 populorum
1320 2054 1395 2100 sen-

267 2161 341 2210 snm
358 2139 398 2208 de
422 2135 679 2226 praerogativis
701 2137 933 2205 Romanorum
957 2138 1173 2226 pontificum.
1192 2137 1341 2206 Etenim
1356 2139 1396 2206 in
1497 2176 1500 2214 3

117 2263 237 2337 11111]
267 2247 318 2316 11⁰
340 2245 463 2314 horum
487 2265 653 2312 canonum
675 2243 807 2312 dieitur
830 2244 924 2332 apud
946 2242 1140 2312 Chaldaeos
1169 2245 1233 2331 (1):
1263 2273 1281 2308 a
1299 2245 1396 2327 Qua·

269 2381 285 2419 n
304 2361 386 2424 tuor
400 2350 628 2422 Patriarohae
643 2352 715 2420 sint
731 2352 768 2419 in
784 2352 949 2422 universo
964 2351 1104 2436 mundo,
1131 2377 1278 2442 quoram
1289 2367 1398 2441 eaput
1498 2366 1502 2402 ³

270 2488 286 2525 n
305 2461 353 2530 sit
375 2461 559 2542 Romanos,
581 2459 688 2548 juxta
711 2459 889 2528 deoretum
905 2458 996 2550 quod
1011 2460 1177 2548 Apostoli
1191 2459 1230 2527 in
1246 2459 1326 2528 suis
1342 2481 1399 2529 oa-

271 2568 452 2638 nnonibus
475 2571 687 2636 statuerunt.
713 2592 729 2626 n
756 2565 824 2634 Hio
848 2586 957 2634 canon
973 2563 1010 2632 in
1027 2565 1187 2635 omnibus
1202 2565 1398 2634 Chaldaeo·
1499 2611 1500 2618 κ

269 2699 347 2746 rum
370 2697 538 2744 oenonum
562 2671 825 2742 oolleotionibus
848 2693 910 2740 seu
924 2670 1240 2756 Nomooanonibns,
1255 2671 1400 2742 soilioet

270 2781 462 2866 Benattibi,
487 2779 588 2850 Eliso
621 2779 851 2864 Damasceni,
877 2778 1086 2848 Ebedieshoi
1110 2778 1298 2862 Sobensis‚
1325 2784 1397 2846 eto.

272 2889 461 2980 allegatur.
481 2887 580 2955 Elias
603 2886 695 2954 enim
723 2886 958 2954 Damascenus
988 2885 1082 2953 inter
1113 2885 1203 2953 alios
1234 2885 1286 2952 sio
1316 2907 1400 2952 eum

106 3003 243 3083 VW
274 2995 411 3070 arabiae
426 2993 567 3064 exhibet
583 2993 644 3080 (2):
675 2992 935 3062 «Patriarohae
959 2991 1034 3059 sint
1055 2992 1296 3060 tantummodo
1310 3013 1399 3083 qua·

276 3113 391 3175 ntnor
415 3101 452 3171 in
476 3099 639 3170 universo
663 3100 800 3184 mundo,
824 3097 1108 3192 quemadmodum
1133 3103 1287 3188 quatuor
1311 3103 1401 3168 sunt

277 3239 292 3278 n
311 3211 431 3283 mundi
443 3211 610 3280 elementa
623 3213 659 3276 et
669 3207 860 3296 Evangelii
876 3206 1076 3296 scriptores.
1094 3201 1153 3274 Sit
1168 3211 1286 3273 autem
1293 3207 1400 3293 prin-

276 3349 292 3386 η
312 3347 385 3414 oeps
398 3321 460 3389 ille
472 3321 534 3413 poi
543 3319 683 3388 Romam
697 3328 798 3397 tenet,
807 3315 912 3404 juxta
919 3313 1167 3404 Apostolorum
1179 3313 1398 3381 decretum.»

274 3433 405 3502 Verum
428 3429 545 3521 paullo
569 3425 672 3496 aliter
699 3422 757 3491 hio
781 3443 889 3490 oanon
906 3421 1000 3511 apud
1016 3420 1128 3510 Syros
1143 3419 1292 3508 legitur,
1306 3423 1403 3488 teste

275 3539 504 3623 Barhebraoo,
531 3535 593 3628 qui
615 3533 653 3603 in
678 3555 750 3622 cap.
768 3535 803 3598 5.
822 3535 948 3606 seotl.
974 3527 1225 3596 Nomooanonis
1247 3547 1328 3592 eum
1353 3523 1402 3594 oi-

105 3667 246 3744 xxx
275 3655 368 3734 tans,
394 3647 447 3716 ita
469 3644 610 3714 exhibet
633 3641 695 3728 (h):
724 3637 917 3721 «Quatnor
949 3635 1021 3703 sint
1044 3631 1271 3702 Patriarohae
1293 3631 1404 3720 juxta

279 3777 494 3828 »numerum
525 3755 701 3821 traotunm
732 3744 865 3830 mundi,
884 3765 1030 3834 quorum
1054 3741 1207 3809 omnium
1235 3761 1402 3805 summam

349 3919 390 3998 (1)
409 3919 476 3975 (lod.
491 3915 610 3972 XXVII.
632 3927 696 3981 pag.
711 3909 737 3960 6.
1489 3792 1496 3883 Ι

348 4009 389 4086 (2)
408 4007 476 4064 (lod.
491 4009 556 4063 Vat.
571 4003 623 4055 557
642 4017 677 4054 ex
696 3999 782 4052 Arab.
803 4011 867 4066 pag.
884 3995 919 4047 32
938 4009 1022 4046 verso.
1488 3959 1496 4209 p

1491 4212 1496 4253 ι

351 4099 392 4176 (s)
412 4099 478 4156 ooo.
493 4095 583 4152 xxx.
605 4107 669 4162 pag.
685 4089 729 4141 sa.
