3006 4672
273 136 317 202 12
672 157 714 201 nn
739 155 833 201 amu.
851 157 880 202 s.
898 156 996 201 sarar

273 269 354 359 quis
375 269 588 357 temporibus
611 273 824 358 compertum
846 273 944 353 erat,
969 290 1006 336 se
1028 268 1241 337 traditiones
1273 287 1401 335 sacras

273 395 361 466 quas
373 375 538 443 tenebant
549 373 781 466 religioseque
793 374 1139 460 servabant,anulla
1150 372 1400 444 alienaEccle-
1490 415 1495 459 ,2

274 482 328 550 sia
351 505 413 550 seu
436 487 531 550 secta
561 488 641 570 post
670 503 770 550 suam
800 483 1053 572 separationem
1084 488 1262 551 mutuatos
1291 503 1397 563 esse,
1494 485 1495 516 ³

273 595 315 656 ut
337 591 379 658 de
401 590 466 657 hoo
488 611 649 680 persaepe
670 589 819 678 gloriari
849 613 918 658 non
942 589 1205 674 dubitaverint,
1231 587 1399 680 quamvis

274 697 395 789 aliqua
416 697 454 764 in
473 703 572 787 parte
596 696 779 765 immerito.
805 697 1003 765 Audiamus
1025 697 1231 787 scriptorem
1250 693 1399 763 histori-
1489 681 1500 740 ⁸³³

275 828 352 874 cum
363 805 473 896 hujus
486 812 613 890 sectae,
631 806 777 873 Amnum
789 804 973 889 Matthaei,
991 805 1033 873 de
1049 805 1125 873 suis
1141 805 1309 872 dicentem
1326 803 1396 890 (1):

149 913 244 986 (ἐῢ
278 913 454 982 «Gratias
477 914 616 1003 agimus
631 913 714 1000 Dco,
741 913 906 982 beneficio
928 935 996 1005 quo
1016 915 1117 980 nobis
1136 911 1296 1002 providit
1311 933 1397 980 oon·
1493 901 1494 924 *

277 1047 293 1083 n
312 1043 432 1109 grues,
451 1029 634 1111 propterea
650 1021 740 1112 quod
757 1021 926 1109 dignatus
942 1021 991 1088 sit
1006 1021 1105 1088 nobis
1129 1020 1323 1103 concedere,
1355 1025 1399 1086 ut
1489 1026 1494 1110 ᾗ

277 1151 430 1197 nveram
453 1128 555 1196 fidem
570 1129 608 1196 in
623 1129 808 1196 Dominum
823 1135 982 1197 nostrum
997 1127 1119 1196 Jssum
1135 1127 1315 1196 Christum
1340 1149 1398 1195 ac·

277 1262 293 1297 n
312 1237 502 1326 ciparemus
517 1257 538 1303 a
553 1237 686 1306 sanctis
702 1236 895 1326 Apostolis,
912 1238 956 1304 ab
973 1237 1088 1328 iisque
1111 1237 1186 1305 sine
1202 1235 1313 1303 medio
1328 1234 1398 1303 ali·
1489 1252 1493 1260 ·

276 1369 292 1406 n
313 1344 414 1432 cujus
433 1345 655 1434 imperatoris
678 1349 740 1411 aut
762 1344 994 1433 magistratus
1013 1351 1222 1430 teneremus;
1241 1348 1283 1410 ut
1299 1342 1397 1410 dein·
1489 1345 1494 1397 ἶ

276 1477 292 1512 n
311 1474 391 1540 ceps
406 1451 505 1519 nulla
520 1451 658 1518 macula
673 1451 864 1520 vitiaretur
879 1451 961 1519 fidei
978 1451 1125 1519 traditio
1142 1473 1244 1541 quam
1261 1449 1397 1538 accepi·
1489 1453 1500 1531 ξἶ

277 1583 292 1619 n
312 1580 400 1642 mus,
414 1555 523 1649 neque
540 1557 615 1624 ulla
626 1558 819 1627 mutatione
835 1565 1128 1648 corrumperetur3
1145 1564 1186 1626 ut
1198 1557 1348 1648 denique
1359 1555 1396 1622 in
1494 1595 1500 1600 ==

277 1690 293 1725 n
313 1668 433 1732 nostra
449 1663 515 1732 fide
531 1661 728 1753 profitenda
746 1664 884 1731 nullum
900 1664 1092 1754 principem
1115 1663 1330 1732 saecularem
1355 1661 1397 1726 ob
1490 1644 1495 1687 ³

277 1798 293 1833 a
312 1778 439 1840 metum
457 1771 514 1840 vel
530 1778 697 1838 terrorem
710 1793 942 1862 sequeremur,
958 1772 1015 1842 vel
1030 1772 1109 1860 ejus
1121 1771 1252 1860 placito
1268 1769 1398 1836 obtem·
1491 1761 1494 1769 ’

277 1905 293 1940 n
311 1901 521 1968 pararemus3
537 1879 596 1947 sed
608 1878 761 1947 fideliter
775 1873 971 1948 teneremus
987 1886 1091 1970 atque
1109 1900 1330 1948 servaremus
1344 1875 1398 1942 in·
1494 1933 1495 1964 ζ

277 2013 293 2048 n
312 1993 444 2056 tactam
466 1987 567 2056 fidem
583 1985 681 2054 nobis
697 1985 878 2071 traditam,
894 1992 1014 2055 sancto
1027 1985 1225 2074 Evangelio
1248 1983 1398 2052 divinis·
1494 1971 1496 2006 ²

278 2120 294 2156 r>
312 2116 378 2184 que
394 2093 543 2184 eloquiis
558 2097 801 2162 conformem.»
816 2093 918 2160 Hunc
935 2099 1124 2178 auctorem,
1138 2094 1191 2160 ita
1202 2091 1399 2161 Ecclesiam

276 2221 373 2269 suam
397 2200 609 2269 haereticam
632 2201 884 2286 defendentem,
911 2197 1113 2285 audiamus,
1140 2223 1208 2268 non
1231 2206 1314 2268 tono
1338 2220 1398 2288 pa·
1496 2209 1497 2213 ’

275 2307 483 2398 negyricum
512 2308 683 2392 texentis,
710 2309 769 2376 sed
798 2309 983 2377 historiam
1014 2308 1227 2393 scribentis,
1252 2307 1398 2398 loquen-

275 2423 345 2484 tem
368 2417 409 2484 de
433 2416 530 2484 Patri
561 2417 714 2484 dotibus.
740 2415 776 2484 Is
799 2417 913 2500 enim,
940 2417 1061 2486 volens
1090 2415 1276 2485 historiam
1303 2415 1398 2505 Apo·
1497 2429 1498 2458 ³

276 2523 444 2591 stolorum
468 2524 684 2609 obumbrare,
709 2530 892 2615 postquam
916 2547 1035 2594 eorum
1057 2524 1317 2593 institutionem
1340 2547 1398 2612 ge·
1497 2573 1498 2576 ,

138 2624 246 2698 ΙΙΙΙ
276 2631 454 2700 neralibus
477 2631 595 2700 verbis
617 2631 872 2720 descripsisset,
891 2632 1011 2700 subdit
1033 2631 1096 2720 (2):
1118 2631 1265 2721 «Caput
1280 2633 1399 2699 autem
1497 2663 1498 2666 ¹

279 2766 295 2802 n
316 2761 433 2808 sorum
456 2745 534 2808 erat
551 2739 670 2808 Simon
682 2739 820 2824 Petrus,
840 2739 952 2808 sedem
971 2743 1043 2825 (sec
1058 2743 1160 2827 vices)
1183 2737 1318 2806 Christi
1341 2761 1401 2826 ge·

279 2868 395 2915 arens
418 2829 524 2936 super
545 2849 720 2914 terram.»

343 2955 442 3037 Quord
467 2954 636 3022 hactenus
667 2954 709 3022 de
737 2953 959 3023 Nestorianis
989 2955 1166 3043 diximus,
1197 2953 1290 3022 idem
1323 2954 1399 3022 fere

277 3062 460 3132 dicendum
483 3062 525 3130 de
549 3062 672 3152 Syris,
699 3062 760 3153 qui
783 3062 896 3130 serius
919 3063 963 3130 ab
983 3062 1143 3131 Ecclesia
1165 3061 1340 3132 catholica
1363 3083 1400 3129 se

277 3177 489 3263 separantes,
507 3193 621 3240 secum
644 3171 760 3238 omnia
786 3176 1014 3260 asportarunt
1030 3191 1117 3261 quae
1134 3171 1172 3238 in
1187 3169 1301 3260 ipsius
1317 3168 1400 3236 sinu

276 3302 338 3370 par
361 3281 514 3374 quinque
538 3278 656 3348 secula
677 3301 719 3346 en
743 3277 884 3368 divinae
900 3273 1125 3347 revelationis
1141 3277 1307 3346 thesauro
1322 3297 1400 3364 pos-

278 3388 450 3474 sederant,
475 3389 569 3458 inter
592 3408 681 3478 quae
702 3383 925 3455 adnumerari
948 3383 1049 3454 debet
1069 3385 1220 3453 traditio
1243 3384 1284 3452 de
1301 3380 1401 3452 Petri

277 3495 449 3586 primatu,
475 3495 686 3586 antiquitus
703 3499 842 3584 recepta
872 3498 908 3560 et
932 3491 1186 3562 ¹universaliter
1209 3492 1401 3579 divulgata

278 3625 346 3671 non
361 3594 500 3672 tantum
515 3601 609 3691 apud
633 3601 764 3671 ceteros
780 3599 949 3689 Syriacae
967 3599 1090 3689 stirpis
1114 3597 1271 3690 populos,
1286 3598 1347 3669 sed
1364 3605 1402 3668 at

279 3709 373 3800 apud
396 3730 512 3777 omnes
527 3707 682 3777 Orientis
705 3714 838 3798 gentes.

352 3925 394 3999 (1)
413 3925 481 3981 (iod.
497 3927 583 3981 XLV.
601 3941 666 3994 pag.
680 3926 724 3979 61.

352 4013 395 4092 (2)
415 4016 483 4073 (lod.
498 4019 583 4074 xiv.
605 4031 670 4084 pag.
686 4015 730 4070 63.
