3018 4672
576 157 739 202 srrnunrx
755 157 779 202 1.
1171 133 1235 202 111

109 265 167 356 pis
183 265 468 336 Occidentalibus
485 290 585 336 usum
609 267 796 358 potestatis
811 265 847 334 in
864 266 1043 358 aliquibus
1059 269 1103 337 ab
1119 269 1235 340 imme·

110 373 274 441 morabili
290 380 443 465 tempore
455 379 691 459 coarctarunt,
709 396 777 442 non
793 374 952 444 videmus
976 398 1039 446 cur
1061 398 1118 445 res
1141 377 1236 446 haud

109 481 231 549 eadem
247 482 385 550 ratione
400 505 437 551 se
452 482 578 552 hebere
595 483 717 552 debeat
732 503 817 572 erga
833 482 1030 553 Orientales
1046 485 1233 576 episcopos.

109 588 292 680 Numquid
308 589 410 673 enim,
430 595 472 658 ut
494 590 538 659 ad
558 590 783 659 ineluctabile
805 595 963 660 nostrum
991 599 1236 682 argumentum

108 697 304 781 redeamus,
326 699 495 789 numquid
517 697 804 767 Nestorianorum
829 696 989 766 Summus
1011 701 1175 770 Pontifex
1198 702 1236 771 in

108 802 279 871 exercitio
302 825 384 872 suae
399 809 578 872 mutuatae
594 805 783 894 potestatis
798 805 984 874 tenebatur
1003 805 1179 876 Orientem
1191 809 1235 877 ab

109 911 309 994 Occidente,
327 912 500 980 Austrum
516 913 559 980 ab
572 911 760 1004 Aquilone,
778 933 882 980 unam
901 914 1077 983 nationem
1092 917 1136 983 ab
1152 915 1236 984 aliis

108 1017 347 1106 distinguere?
369 1018 469 1087 Certe
486 1019 517 1086 si
531 1018 745 1103 Nestoriani,
764 1025 800 1086 et
816 1019 854 1085 in
871 1041 995 1108 genere
1011 1020 1235 1091 schismatici

108 1124 389 1214 Syrochaldcioi,
407 1125 717 1209 evidentissimam,
733 1131 961 1210 constantem,
982 1133 1087 1219 atque
1111 1131 1234 1198 unani·

107 1253 208 1314 mem,
221 1231 275 1299 uti
298 1230 463 1316 vidimus,
481 1231 706 1300 traditionem
721 1231 820 1299 nobis
836 1231 1002 1301 exhibent
1024 1233 1118 1303 circa
1133 1235 1233 1326 Capi·

106 1339 155 1406 tis
171 1338 353 1407 Ecclesiae
376 1359 526 1408 summes
550 1339 828 1428 praerogativas,
845 1340 994 1410 similem
1009 1342 1233 1412 traditionem

105 1445 208 1514 nobis
242 1445 336 1514 haud
368 1446 592 1515 transmisere
626 1447 720 1516 circa
751 1447 952 1536 hujusmodi
988 1449 1233 1519 distinctiones

107 1554 215 1621 unius
239 1554 356 1642 gentis
379 1553 422 1622 ab
445 1554 569 1638 altera,
597 1555 691 1623 circa
708 1553 872 1642 majorem
896 1555 954 1625 vel
977 1556 1142 1626 minorem
1165 1558 1231 1626 ali-

108 1661 212 1750 cujus
236 1683 321 1749 erga
343 1660 457 1751 Caput
479 1661 657 1730 Ecclesiae
681 1661 891 1731 libertatem.

175 1769 265 1838 Nam
292 1769 455 1839 Christus
479 1770 540 1862 qui
563 1793 654 1838 unns
678 1776 732 1838 est
755 1776 791 1837 et
813 1769 926 1839 dividi
949 1771 1090 1863 nequit,
1114 1774 1228 1842 unita-

109 1883 179 1946 tem
205 1883 310 1962 amat,
329 1899 501 1968 unamque
526 1877 692 1946 fundavit
714 1876 919 1962 Ecclesiam,
935 1899 1037 1968 quam
1054 1881 1152 1948 modo
1169 1881 1234 1948 uni

107 2006 218 2074 regno
242 1984 474 2069 assimilavit,
501 1985 559 2053 oui
582 2008 673 2052 uuus
697 1984 745 2052 sit
768 1989 892 2068 rector,
919 1985 1017 2053 modo
1041 1986 1102 2054 uni
1126 1989 1231 2072 navi,

107 2092 164 2161 cui
189 2115 281 2161 unns
305 2093 355 2160 sit
380 2093 592 2176 navarchus,
611 2091 709 2160 modo
726 2092 787 2160 uni
803 2091 920 2160 domui
944 2092 1002 2160 cui
1025 2117 1116 2161 unus
1140 2117 1233 2162 oeco-

108 2221 246 2284 nomus,
265 2199 362 2268 modo
386 2200 449 2267 uni
473 2199 575 2288 gregi
599 2199 656 2268 cui
680 2222 771 2267 unus
794 2205 927 2288 pastor.
947 2199 1030 2268 Ideo
1053 2199 1138 2269 licet
1160 2201 1232 2291 epi·

107 2315 289 2398 scopatum
308 2307 353 2376 ad
378 2307 539 2396 singulas
562 2306 732 2396 regendas
756 2306 921 2376 ecclesias
944 2306 1159 2377 sollemniter
1180 2308 1233 2375 in-

106 2416 282 2500 stituerit,
297 2437 442 2506 eumque
454 2414 595 2484 dotibus
608 2414 760 2504 propriis
772 2421 934 2482 ornatum
946 2414 1113 2500 voluerit,
1124 2439 1234 2484 unum

106 2529 225 2590 temen
249 2523 436 2592 constituit
452 2546 622 2591 summum
639 2522 828 2607 Pastorem,
847 2524 905 2591 cui
921 2545 1047 2591 munus
1063 2524 1235 2592 commisit

105 2629 273 2720 pascendi
284 2635 320 2696 et
332 2651 441 2718 agnos
453 2635 489 2698 et
505 2651 598 2714 oves,
614 2650 795 2718 omnesque
808 2629 937 2696 fratres
954 2627 1046 2698 idest
1057 2630 1233 2719 episcopos

106 2735 348 2806 confirmandi.
366 2736 435 2805 Hic
451 2735 729 2826 sapientissimus
745 2733 828 2803 ordo
840 2734 980 2819 violari,
996 2736 1176 2804 immutari
1196 2737 1233 2804 in

105 2844 265 2914 Ecclesia
288 2843 420 2934 nequit,
440 2848 560 2933 utpote
577 2843 637 2934 qui
654 2864 695 2910 ex
713 2841 836 2912 divina
851 2842 1078 2932 dispositione
1095 2843 1232 2912 deriva-

105 2967 178 3029 tus.
194 2951 266 3018 Ast
277 2955 392 3018 cetera
406 2972 495 3042 quae
507 2951 551 3019 ad
568 2951 732 3039 majorem
744 2949 854 3039 hujus
870 2949 986 3019 divini
998 2950 1132 3019 ordinis
1145 2951 1232 3018 obti-

104 3058 256 3126 nendam
271 3058 551 3148 explicationem,
567 3059 610 3126 ad
628 3057 821 3126 faciliorem
845 3057 1054 3126 reddendam
1077 3055 1232 3124 fidelium

105 3163 445 3234 administrationem
457 3165 615 3234 Ecclesia
628 3165 705 3254 ipsa
721 3164 870 3248 invexit,
886 3168 973 3252 puta
988 3162 1231 3252 Archiepisco·

105 3278 223 3362 patus,
240 3270 582 3361 Metropolitanatus,
601 3273 792 3356 Primatus,
812 3270 1093 3354 Patriarchatns,
1112 3275 1232 3360 utpote

105 3399 169 3467 pro
196 3377 374 3446 Ecclesiae
400 3379 485 3444 bono
503 3378 707 3462 constituta,
722 3376 806 3444 haec
830 3381 977 3464 possunt
996 3375 1101 3464 juxta
1124 3378 1231 3444 ratio-

105 3507 184 3553 nem
208 3483 353 3572 majoris
375 3484 554 3554 Ecclesiae
578 3484 658 3551 boni
682 3483 828 3554 variari.
846 3482 941 3552 Hace
964 3487 1026 3568 est,
1042 3505 1126 3551 vera
1153 3483 1232 3552 idea

105 3589 299 3674 Ecclesiae,
319 3611 421 3680 quam
445 3589 681 3678 Evangelium
704 3589 803 3656 nobis
826 3588 977 3672 exhibet,
997 3611 1098 3678 quam
1124 3589 1231 3656 tradi·

105 3697 156 3764 tio
175 3702 212 3765 et
227 3697 433 3785 praesertim
450 3695 787 3786 Syrochaldaeorum
803 3695 902 3762 nobis
919 3695 1112 3780 confirmat,
1129 3717 1232 3786 quam

105 3804 199 3871 ratio
223 3803 423 3892 theologica
446 3804 546 3872 nobis
570 3803 704 3871 suadet.
723 3802 881 3893 Denique
904 3802 942 3869 in
957 3801 1117 3871 Ecclesia
1132 3799 1231 3870 chri-

105 3911 153 3978 sti
178 3911 256 3999 ipsa
279 3909 357 3978 idea
381 3911 532 3980 unitatis
555 3909 694 3977 inducit
716 3909 829 3977 ideam
852 3909 1102 4000 aequalitatis,
1130 3910 1167 3976 in
1189 3930 1230 3976 ea

104 4017 199 4084 enim
220 4039 324 4084 anon
347 4023 401 4086 est
425 4019 593 4085 barbarus
616 4021 653 4083 et
677 4015 824 4104 Scytha,
844 4039 967 4086 servus
991 4022 1027 4085 et
1049 4016 1148 4084 liber.
1165 4041 1182 4075 n

173 4123 273 4192 Hanc
293 4145 411 4193 veram
419 4123 597 4193 Ecclesiae
612 4121 796 4210 theoriam,
808 4123 890 4194 aliis
907 4121 1023 4193 verbis
1039 4121 1228 4210 exprimen-
