3006 4672
374 175 409 215 ru
433 173 647 217 sunsncrroun
671 175 750 216 curs.
770 174 909 218 nersoor.
1154 154 1197 219 71

72 310 147 354 non
172 308 241 378 qua
264 286 326 354 uni
349 309 391 353 ex
416 287 640 374 patriarchis,
660 287 718 354 sed
735 307 804 376 qua
827 310 957 354 summo
982 310 1064 355 suae
1085 298 1198 357 sectae

74 395 251 484 pontifici,
275 394 413 462 debitis.

483 723 486 728 Ι
597 637 628 712 ς.
647 630 678 696 1.

121 826 242 892 Omnes
265 831 414 916 episcopi
437 831 674 920 cujrcscumqice
699 831 832 912 taudem
857 831 1045 920 dipositotis
1068 837 1153 916 siut,

191 937 322 1002 Summo
339 937 516 1003 Ecclesiae
528 938 698 1004 Antistia·
713 939 859 1026 subjecti
876 963 941 1006 esse
957 939 1087 1022 deberit,

261 1045 396 1132 ipsique
411 1043 462 1111 IN
478 1043 684 1113 OMNIBUS
702 1043 836 1110 obedire
852 1061 1017 1132 tenentur.

146 1259 312 1327 Testetur
335 1260 484 1346 primum
509 1283 570 1349 pro
593 1260 765 1327 Jacobitis
788 1259 898 1328 Moses
922 1261 1113 1350 Barcepha,
1140 1263 1200 1352 qui

73 1369 114 1434 in
143 1381 244 1433 tract.
261 1373 294 1432 4.
322 1363 361 1430 de
380 1365 588 1447 Sacerdotio,
614 1392 688 1454 cap.
706 1375 739 1433 6.
766 1369 818 1435 ait
841 1369 911 1454 (1):
941 1369 1196 1452 «Patriarcha,
1236 1354 1333 1460 ΠΠ

75 1475 332 1558 acatholicus,
357 1475 592 1564 Metropolita‚
619 1485 655 1544 et
676 1477 870 1564 Episcopus
893 1476 931 1541 in
950 1473 1129 1566 χειροτονεὶα
1146 1497 1199 1542 ae-

75 1611 94 1645 n
114 1581 239 1674 quales
262 1586 357 1666 sunt,
375 1604 437 1648 nec
453 1581 528 1648 ulla
543 1581 635 1650 inter
659 1583 752 1672 ipsos
775 1588 892 1650 exstat
915 1582 1115 1650 differentia
1138 1588 1201 1649 aut

75 1717 95 1751 n
115 1689 394 1778 discrepantia...
421 1689 471 1756 At
496 1689 644 1778 eligitur
667 1689 887 1774 Patriarcha,
914 1697 955 1756 ut
978 1713 1087 1782 omues
1109 1689 1199 1777 Epi-

75 1825 95 1860 n
114 1820 244 1884 scopos,
263 1795 470 1876 Oatbolioos,
488 1810 520 1860 et
542 1795 783 1882 Metropolitas
806 1810 917 1884 repat.
938 1822 953 1856 n

146 1906 243 1974 Idem
255 1905 417 1994 pluribus
434 1905 470 1970 in
487 1903 723 1972 occasionibus
743 1908 862 1992 aperte
878 1902 1026 1992 professi
1042 1908 1126 1969 sunt
1141 1925 1199 1968 no·

74 2013 146 2083 stri
175 2020 311 2082 veteres
338 2011 516 2095 Chaldaei,
535 2011 571 2079 id
595 2015 649 2078 est
670 2010 883 2081 Nestoriani.
902 2009 1005 2076 Anno
1023 2008 1113 2076 enim
1133 2007 1200 2074 498

73 2120 233 2210 episcopi
250 2119 441 2187 nestoriani
456 2119 493 2186 in
510 2119 692 2208 synodum,
710 2119 870 2186 Babuaeo
887 2115 1090 2206 patriarcha
1102 2138 1199 2205 prae·

74 2230 166 2311 side,
198 2227 356 2310 collecti,
382 2227 608 2317 sequentibus
636 2227 754 2294 verbis
777 2227 899 2294 foedus
927 2224 1092 2293 sollemne
1114 2224 1200 2291 inie-

76 2339 166 2403 runt
184 2313 254 2421 (ῆι
289 2335 402 2400 «Una
424 2357 506 2402 voce
531 2314 666 2424 unique
690 2334 823 2402 sincero
839 2334 954 2401 animo
970 2339 1006 2400 et
1016 2353 1106 2422 pura
1122 2330 1200 2398 oha—
1235 2307 1369 2415 ΠΠΕ

79 2471 94 2504 n
114 2443 226 2511 ritate
242 2443 388 2510 fratrem
411 2447 569 2509 nostrum
593 2441 850 2510 sanctissimum
874 2448 910 2509 et
926 2440 1202 2509 sacratissimum

78 2578 93 2611 n
112 2551 302 2618 Dominum
310 2551 510 2617 Babuaeum
525 2549 724 2639 episcopum
737 2549 940 2616 corbolicum
956 2548 1059 2634 (idest
1074 2548 1201 2638 prima-

80 2687 95 2720 η
115 2661 203 2743 tem)
220 2657 334 2726 veluti
353 2661 469 2746 caput,
492 2663 672 2740 rectorem,
691 2657 944 2745 imperatorem,
967 2661 1003 2724 et
1022 2653 1201 2745 αυτὸκρατον

80 2795 95 2829 n
116 2764 426 2849 considerabimus,
442 2765 668 2855 omnibusque
684 2763 837 2852 negotiis
855 2785 942 2854 quae
957 2785 1018 2852 per
1030 2785 1108 2830 eum
1121 2761 1200 2828 reli-

81 2903 97 2937 »
118 2875 369 2964 gioseperacta
380 2872 527 2956 luerint,
539 2893 715 2940 assensum
728 2877 885 2939 nostrum
894 2870 1087 2939 dabimus.»
1098 2869 1201 2935 Anno

79 2988 199 3049 autem
212 2979 278 3046 567
301 2982 365 3048 sub
388 2979 571 3048 Ezechiele
593 2977 796 3067 patriarcha
816 2977 948 3044 dictum
965 2976 1037 3044 fuit
1052 2975 1200 3064 synoda-

79 3089 163 3157 liter
181 3087 246 3174 (3):
268 3085 526 3154 oPatriarohae
541 3108 663 3153 nomen
684 3097 785 3172 poter
794 3086 1016 3172 principatus
1031 3083 1200 3170 interpre·
1232 3075 1274 3185 u

82 3223 98 3256 n
117 3201 231 3278 tatur,
244 3195 307 3262 sub
320 3216 426 3285 eoque
438 3197 523 3260 sunt
534 3214 649 3260 omnes
659 3189 1055 3260 ECOLESIASTICAE
1067 3187 1201 3256 POTE·

84 3301 314 3386 nSTATES,
332 3287 498 3392 atque‘ab
523 3322 561 3367 eo
585 3299 754 3368 virtutem
777 3297 1079 3366 etauctoritatem
1103 3316 1199 3364 assu·

85 3439 100 3473 n
121 3416 233 3495 munt,
253 3416 293 3478 ut
316 3409 538 3476 existentiam
556 3409 719 3476 habeant.
737 3435 752 3468 o
771 3405 932 3474 Profecto
949 3403 1019 3471 nisi
1035 3403 1116 3472 istis
1131 3403 1201 3494 epi-

84 3519 197 3609 scopis
213 3521 422 3607 compertum
435 3523 538 3599 esset,
553 3537 595 3582 ex
618 3513 842 3582 institutione
856 3509 979 3579 divina
995 3511 1032 3578 in
1044 3510 1203 3579 Ecclesia

84 3626 217 3694 Christi
234 3647 341 3692 unum
357 3645 431 3692 esse
447 3623 568 3692 debere
590 3645 722 3712 semper
742 3620 919 3688 Summum
934 3613 1124 3704 Pastorem,
1145 3617 1202 3686 eui

86 3757 199 3802 omnes
222 3732 375 3822 episcopi
397 3731 582 3800 inferiores
597 3738 632 3798 et
648 3729 798 3818 subjecti
822 3728 906 3811 sint,
933 3751 1001 3796 non
1025 3727 1077 3794 ita
1092 3725 1204 3794 locuti

86 3843 212 3909 forent.
223 3839 322 3922 Quae
333 3837 425 3906 enim
437 3836 496 3906 hio
508 3837 550 3905 de
563 3859 625 3903 suo
638 3834 841 3926 patriarcha
851 3833 1097 3902 aNestorianis
1107 3853 1204 3922 prue-

157 4001 197 4077 (1)
216 4002 281 4059 cod.
299 4003 396 4068 Sisarf.
412 4017 476 4068 pag.
493 4001 545 4052 124
563 4007 646 4050 retro.

158 4088 199 4164 (2)
212 4091 280 4146 θοὰ.
293 4091 413 4145 XXVII.
429 4106 493 4157 pag.
509 4091 572 4142 301.

160 4177 199 4254 (3)
213 4181 322 4235 Ibidem
342 4197 408 4248 pag.
422 4181 485 4234 371.
