3006 4672
526 167 570 214 ax
593 167 706 214 rueris
1155 143 1199 211 35

56 282 214 350 clesiam
230 279 439 351 catholicam
454 279 685 349 deseruerunt
700 279 765 348 sub
781 282 934 369 tempora
949 278 1026 346 111¹.
1048 276 1199 348 concilii

58 387 288 457 oecumenici
312 386 405 455 idest
434 384 604 475 Ephesini
632 385 673 452 ob
703 385 949 475 turpissimum
979 387 1199 475 praetextum

59 494 177 586 qnod,
205 499 247 563 ut
269 493 339 583 ipsi
362 493 400 560 in
424 493 500 561 suis
523 493 669 582 scriptis
692 491 915 581 putidissimo
933 491 1111 561 mendacio
1127 497 1199 560 tra·

60 601 323 697 diderunt(l),
348 601 527 670 Ecclesiae
551 599 774 668 occidentales
799 599 936 670 scilicet
959 622 1047 692 quac
1075 599 1113 667 in
1136 598 1198 667 im·

58 711 170 800 perio
193 715 295 778 erant
311 709 476 794 Romano,
489 729 636 800 quarum
653 708 814 798 princeps
837 715 914 777 erat
935 709 1103 792 Romana,
1128 727 1198 774 am-

59 825 170 914 plexi
186 824 261 892 sint
275 845 426 892 errorem
441 845 510 891 non
534 823 672 914 quidem
690 823 941 908 voluntarium,
961 822 1021 892 sed
1041 844 1102 912 per
1126 821 1198 891 vim

59 932 148 1000 illis
172 931 375 1020 impositum
399 931 442 997 ab
464 929 736 1019 imperatoribus
754 929 899 998 Graecis
915 930 976 1020 qui
1000 951 1057 997 eos
1082 949 1198 1018 coage-

59 1039 148 1107 rint
171 1037 217 1106 ad
240 1038 394 1126 ipsorum
422 1037 609 1106 arbitrium
641 1037 871 1128 sequendum
896 1037 1120 1119 Nestoriani‘,
1146 1036 1199 1104 in·

61 1169 204 1240 qnam,
237 1144 447 1236 principium
478 1145 628 1213 unitatis
655 1145 746 1236 quod
777 1146 814 1212 in
843 1145 1003 1214 Ecclesia
1026 1143 1200 1213 catholica

69 1256 282 1326 didicerant
309 1257 508 1337 servantes,
533 1252 630 1321 illico
653 1275 692 1321 eo
716 1253 773 1321 usi
796 1257 878 1321 sunt
900 1253 944 1320 ad
968 1250 1199 1319 stabilitatem

64 1385 160 1432 suae
191 1359 358 1430 ecclesiae
391 1360 657 1450 procurandam.
690 1360 810 1449 Igitur
843 1358 1102 1428 constituerunt
1132 1356 1200 1425 sibi

63 1469 331 1561 patriarcham,
357 1468 541 1558 primatem
568 1467 747 1536 Seleuciae
770 1472 807 1535 et
830 1465 1080 1556 Ctesiphontis,
1106 1485 1199 1532 eum-

67 1600 144 1670 que
179 1599 379 1666 supremum
413 1595 496 1643 suaa
525 1573 705 1644 Ecclesiae
734 1573 931 1664 pontificem
962 1573 1197 1642 declararunt.

66 1684 277 1754 Audiamus
306 1682 543 1752 nestorianum
574 1689 773 1766 auctorem,
808 1680 997 1770 Georgium
1031 1677 1199 1747 Arbelen-

67 1816 147 1862 sem
175 1813 282 1880 supra
312 1789 458 1859 citatum
489 1789 527 1858 in
552 1789 752 1880 officioram
779 1787 1001 1854 distinctione
1033 1799 1133 1854 tract.
1161 1792 1195 1853 2.

69 1925 153 1991 cap.
164 1907 199 1968 6.
219 1898 269 1986 (2)
285 1897 371 1966 haec
391 1898 548 1966 breviter
561 1898 613 1966 ita
626 1903 840 1965 narrantem:
860 1893 1059 1978 «Quoniam
1075 1893 1199 1962 Oriens
1231 1895 1379 1974 (ἰαῦ

70 2037 88 2071 n
108 2010 200 2100 (paci
223 2008 406 2076 Persarum
429 2009 573 2095 imperio
596 2004 752 2073 subditas
776 2009 872 2094 erat)
898 2003 972 2072 sine
995 2000 1199 2092 patriarcha

71 2143 88 2178 n
108 2118 331 2184 remanserat
356 2113 460 2198 (idest
479 2128 559 2202 post
586 2115 780 2179 inchoatam
803 2114 1086 2181 Nestoriaaorcm
1113 2109 1198 2176 colai·

72 2251 89 2286 n
110 2225 215 2309 cmc),
237 2225 273 2288 et
295 2219 542 2289 inconveniens
559 2219 608 2286 sit
622 2217 826 2308 religionem
847 2218 921 2286 sine
938 2238 1069 2285 summo
1086 2215 1200 2304 capite

72 2358 89 2393 n
109 2335 274 2412 exstare,
300 2326 485 2396 consilium
512 2349 692 2416 suscepere
715 2331 833 2415 patres
857 2324 970 2393 nostri
992 2323 1108 2413 ipsum
1129 2320 1198 2410 pri·

73 2466 90 2500 n
111 2441 243 2506 matam
266 2433 503 2525 patriarcham
527 2423 663 2518 creare,
691 2439 872 2502 servantes
903 2431 962 2500 illi
984 2437 1020 2500 et
1046 2429 1201 2520 priscum

73 2573 91 2608 n
111 2543 279 2634 primatis
293 2542 452 2612 titulum.
469 2543 554 2611 Cum
569 2542 662 2610 enim
674 2545 827 2610 asancta
841 2540 981 2630 Synodo
998 2536 1203 2606 occidentali

74 2681 91 2714 n
111 2647 507 2738 (intellipitiloaoa‘lium
517 2649 720 2737 Nicerotem)
733 2669 821 2739 quae
832 2646 1111 2716 Orthodoxorum
1121 2663 1203 2710 una-

75 2787 92 2822 η
112 2758 243 2825 nimem
259 2755 478 2825 voluntatem
493 2755 679 2839 referebat,
698 2754 791 2824 huno
806 2753 953 2823 titulum
974 2751 1037 2820 ille
1052 2749 1202 2838 accepis-

75 2893 92 2928 η
113 2871 182 2948 set,
201 2865 332 2953 (proca
347 2865 472 2952 nostri)
495 2861 740 2952 patriarchatu
764 2862 864 2930 illum
884 2867 1073 2945 auxerunt,
1093 2857 1202 2929 consi·

77 3001 93 3034 n
114 2973 280 3041 decantes
298 2993 367 3038 non
391 2971 577 3040 convenire
600 2974 642 3038 ut
660 2968 788 3059 religio
811 2975 932 3038 nostra
955 2971 1029 3038 sine
1051 2969 1202 3058 patriar·

77 3107 93 3142 n
114 3080 185 3148 cha
199 3085 388 3147 remaneat.
416 3078 499 3146 Ideo
527 3085 643 3146 antem
669 3077 838 3146 neminem
854 3077 963 3146 alium
977 3082 1115 3166 praeter
1130 3075 1202 3166 pri-

78 3214 95 3249 n
113 3191 262 3270 mntem,
288 3185 331 3254 ad
354 3184 617 3275 patriarchatus
648 3185 858 3275 dignitatem
887 3183 1133 3264 elevaverunt,
1159 3203 1203 3249 ne

79 3322 94 3357 n
114 3294 322 3364 viderentur
346 3293 558 3362 auctoritate
583 3315 646 3362 sua
668 3293 811 3383 privata
830 3292 898 3360 sibi
922 3291 1088 3358 audacter
1111 3287 1202 3357 anti·

80 3399 240 3470 nstitem
270 3399 521 3470 constituere»
552 3398 615 3487 (ὃ).
649 3399 716 3469 Hic
739 3398 942 3488 patriarcha
966 3395 1144 3464 Seleuciae
1167 3400 1202 3462 et

151 3607 195 3682 (1)
214 3610 287 3666 Vide
305 3612 456 3679 epistolam
468 3613 503 3664 43
517 3611 659 3666 Timothei
679 3612 858 3678 patriarchae
877 3611 1129 3681 Nestorianorum,
1151 3611 1200 3666 Oo-

80 3699 136 3753 dic.
151 3700 274 3753 XXVII.
289 3715 354 3767 pag.
371 3699 433 3753 052.

152 3783 196 3860 (θ)
216 3787 282 3842 (lod.
296 3789 401 3842 XXXI.
416 3805 482 3856 pag.
498 3792 542 3842 99.

151 3873 195 3949 (3)
215 3878 257 3930 Ex
279 3879 325 3930 his
355 3879 470 3946 Georgii
495 3879 663 3933 Arbalensis
690 3879 787 3933 verbis
809 3881 920 3948 liquot,
945 3881 1012 3933 huic
1029 3880 1201 3934 Nestorisue

82 3966 173 4020 seculi
193 3967 237 4018 X¹.
258 3967 368 4020 auctori
381 3969 511 4033 ignotum
532 3984 649 4036 prorsus
668 3969 759 4021 luisse
777 3972 964 4022 commentum
977 3967 1053 4021 illud
1072 3983 1089 4021 a
1107 3970 1200 4035 porta-

82 4057 208 4111 riorihus
230 4058 412 4112 Nestorianis
432 4061 561 4127 effictum,
584 4075 638 4126 quo
658 4045 876 4128 mutandarum,
891 4063 1012 4126 quatuor
1030 4057 1144 4125 imperii
1157 4072 1200 4110 ro·

81 4148 158 4203 mani
177 4162 295 4213 magnos
307 4149 488 4216 patriarchas
501 4152 570 4204 anto
588 4149 703 4204 concilii
716 4149 835 4204 Nicasni
847 4153 976 4217 tempora
992 4145 1027 4202 ad
1040 4146 1199 4201 Seleucian-

1063 4259 1080 4294 a
