3006 4672
585 172 820 220 PROIAEGOMENA
1230 171 1267 214 xi

222 291 266 370 ln
293 290 373 370 hoc.
392 288 646 368 curiosissimo
670 289 811 385 secula·
828 287 868 364 in
887 309 958 389 quo
977 287 1110 362 cuncte
1128 283 1266 362 sciendi

136 416 279 520 cupido
307 415 417 519 longe
445 415 591 517 lateque
617 418 764 516 regnat,
780 437 856 490 non
883 412 1173 515 inopportunum
1199 434 1269 487 nec

138 544 335 647 ingratum
375 541 447 617 erit
485 543 600 644 hujus
641 539 868 643 quaestionis
906 537 1127 614 solutionem
1163 535 1268 612 inve-

142 670 301 772 stigare.
996 654 1002 664 ⁵

217 796 407 872 Jamvero
435 793 523 871 huic
551 790 759 896 quaestioni
786 814 854 893 ego
878 789 1078 892 respondeo
1097 789 1264 892 affirma·
1278 792 1494 917 affline-

144 927 239 1011 tica·
269 923 307 996 et
332 942 555 1022 magnopere
582 919 735 1022 gaudeo,
764 917 861 1019 quod
887 939 1022 992 munus
1040 917 1086 992 ab
1106 914 1187 992 aliis
1206 939 1264 991 me

142 1045 473 1151 praestantioribus
500 1045 593 1121 viris
622 1045 721 1122 circa
748 1041 840 1119 alias
870 1040 1075 1119 orientales
1096 1040 1266 1118 nationes

144 1174 371 1274 susceptum,
395 1169 487 1245 mihi
499 1168 690 1245 incumbat
709 1167 808 1244 circa
822 1167 1011 1245 nationem
1024 1189 1146 1244 meam
1160 1165 1268 1266 Syro·

145 1296 385 1394 chaldaicam,
414 1295 688 1376 demonstrandi
716 1293 855 1371 scilicet
882 1320 927 1371 ex
945 1294 1058 1394 hujus
1076 1293 1269 1372 Ecclesiae

145 1423 310 1526 antiquis
324 1421 552 1501 documentis
567 1427 767 1499 ceritatem
786 1421 980 1497 doctrinae
995 1420 1203 1496 catholicae
1223 1420 1269 1496 de
1385 1425 1390 1432 “

140 1554 324 1651 primata
342 1548 634 1650 jurisdictionis
671 1556 706 1620 et
737 1551 982 1650 magisterii,
1015 1571 1129 1648 quern
1161 1542 1268 1622 Chri·
1359 1572 1361 1584 ¹
1484 1559 1486 1566 ‘

147 1685 234 1750 stas
254 1675 373 1750 Petra
398 1676 552 1776 ejusque
575 1671 857 1749 successoribus
868 1697 945 1774 pro
967 1671 1060 1747 bano
1079 1670 1270 1748 Ecclesiae

148 1801 266 1878 aeder.
296 1801 395 1878 Rem
421 1800 499 1877 iere
525 1824 660 1879 novam
687 1799 894 1902 aggredior,
914 1799 1009 1900 quod
1037 1823 1105 1901 ego
1134 1799 1261 1876 sciam.
1292 1787 1322 1808 ”

148 1929 252 2005 Nam
279 1926 342 2028 qui
370 1929 458 2004 ante
483 1951 542 2002 me
569 1926 666 2002 hanc
702 1925 899 2002 materiam
931 1924 1269 2026 quomodocumque

147 2055 373 2148 tractarunt,
391 2051 517 2154 quales
546 2054 633 2130 sunt
659 2051 821 2128 Faustus
844 2049 1029 2128 Naironus
1047 2049 1088 2126 in
1105 2049 1268 2154 Eaaplt'a

147 2177 265 2280 Fida
279 2174 492 2255 Catholicae
500 2188 612 2280 part.
626 2175 654 2253 3
669 2203 753 2279 cap.
765 2175 811 2264 2,
824 2174 1012 2252 Abraham
1025 2175 1270 2253 Enchellensis

147 2305 194 2380 in
212 2301 378 2404 marma.
396 2302 513 2378 Patr.
526 2301 642 2378 Aleae.
665 2302 771 2378 atad.
781 2311 892 2403 part.
905 2299 1029 2405 2aap.
1050 2299 1107 2376 14
1123 2312 1158 2378 et
1171 2327 1267 2406 seq„

149 2429 311 2531 denique
338 2427 566 2506 assemanus
592 2426 633 2502 111
660 2426 767 2503 Bibl.
792 2424 859 2502 Or.
879 2437 906 2503 t.
926 2425 1011 2530 310·
1029 2425 1073 2508 2.
1092 2427 1137 2502 da
1152 2427 1270 2529 Syris

149 2551 402 2631 Nestoriana's
429 2580 512 2658 cap.
531 2553 573 2630 7.
598 2555 636 2652 ἓ.
654 2554 775 2648 ΧΧΙ.,
798 2551 838 2629 hi
857 2553 1019 2656 inquam,
1044 2577 1170 2631 omnes
1188 2555 1272 2632 Ma-

149 2677 309 2773 ronitae,
332 2677 481 2755 nonnisi
497 2677 722 2781 primoribus
740 2677 838 2755 hanc
856 2702 935 2755 rem
954 2677 1138 2781 attingere
1157 2678 1269 2757 labris

136 2806 327 2907 potuere,
365 2806 492 2906 utpote
518 2805 584 2906 qui
610 2828 685 2880 non
712 2829 759 2880 ex
785 2803 973 2907 proposito
1000 2829 1078 2881 rem
1106 2803 1271 2908 aggressi

149 2930 253 3006 sunt.
284 2927 415 3032 Magni
441 2927 605 3031 proiecto
632 2927 803 3030 ponderis
831 2929 943 3029 atque
961 2927 1270 3030 pretiosissimum

150 3079 221 3157 pro
255 3053 326 3132 hac
359 3053 516 3132 veritate
555 3054 807 3130 testimonium
837 3054 950 3154 hujus
975 3055 1163 3133 Ecclesiae
1191 3080 1271 3132 esse
1396 3135 1398 3144 ,

151 3180 285 3257 debere
311 3205 418 3258 nemo
442 3204 517 3256 non
540 3179 652 3274 videt,
676 3179 708 3256 si
737 3179 940 3258 consideret
966 3179 1077 3258 hocce
1104 3181 1271 3262 testimo-
1345 3247 1347 3254 a

150 3308 258 3385 nium
285 3303 452 3418 apprime
478 3307 599 3409 ipsum
633 3309 773 3383 statum
803 3307 843 3382 in
876 3330 948 3407 quo
975 3331 1041 3409 per
1066 3309 1122 3382 tot
1149 3308 1271 3386 secula

150 3431 240 3510 illae
257 3436 386 3535 gentes
402 3432 537 3522 misere
559 3434 722 3534 jacuere,
737 3433 875 3508 statum
898 3431 1036 3509 scilicet
1058 3433 1271 3512 schismatis
1392 3508 1394 3512 .

151 3560 193 3636 et
218 3556 442 3653 defectionis,
478 3556 554 3633 alta
580 3581 670 3635 voce
697 3558 951 3635 condemnare.
1238 3553 1243 3561 ’

235 3683 292 3760 Ne
317 3682 444 3786 pigeat
478 3681 605 3786 igitur,
637 3682 872 3784 potissimum
900 3683 1162 3788 hoctempore
1197 3710 1270 3788 quo
1316 3711 1497 3788 1111111111

150 3806 301 3884 divinae
317 3807 424 3884 Petri
451 3808 605 3910 ejusque
633 3831 884 3886 successorum
907 3805 1186 3913 praerogativae
1204 3773 1497 3912 va-lltlttllffi

150 3933 222 4010 riis
248 3933 514 4037 impugnantur
541 3933 748 4031 conatibus,
773 3935 1012 4036 sequentibus
1030 3937 1176 4038 paginis
1204 3961 1270 4014 an-
1282 3901 1388 4014 1111111
1412 3915 1497 3952 ‘mu'

150 4057 259 4161 tiqua
286 4058 594 4160 Syroohaldaioae,
616 4059 738 4163 gentis
766 4065 1006 4140 monumenta
1023 4062 1264 4166 investigare,

149 4185 312 4288 indeque
338 4209 467 4264 eruere
493 4185 723 4290 praeclaram
746 4186 844 4265 circa
862 4187 932 4266 hoc
950 4186 1140 4291 religionis
1160 4191 1270 4292 caput
