3018 4672
335 537 685 613 OONOBUSIO
709 536 948 612 OPERIS

148 1248 246 1316 Haeo
269 1251 354 1316 sunt
377 1269 464 1339 quae
487 1247 524 1316 in
547 1248 827 1316 documentorum
850 1243 1199 1335 Syroohaldaieorum

69 1356 243 1444 penuria,
262 1375 332 1446 qua
347 1355 405 1423 hie
420 1355 548 1423 Romae
572 1377 765 1440 versamur,
779 1353 1010 1445 temporisque
1033 1353 1200 1443 angustia

70 1484 170 1553 quae
194 1486 245 1531 me
267 1463 313 1530 ad
336 1463 450 1552 operis
472 1463 573 1530 finem
606 1463 713 1531 eitius
744 1484 845 1555 quam
869 1462 947 1530 lieri
969 1466 1086 1552 posset
1109 1483 1198 1529 asse-

71 1571 256 1659 quendum
272 1570 483 1661 impellebat,
501 1570 690 1638 lectoribus
712 1568 967 1660 antiquitatum
990 1557 1197 1638 obristiana-

69 1701 158 1745 rum
174 1684 210 1746 et
223 1679 429 1770 praesertim
445 1677 801 1768 Syroehaldaiearum
816 1678 951 1768 cupidis
968 1679 1094 1746 offerre
1111 1677 1199 1746 mihi

73 1785 201 1855 datum
225 1786 308 1870 fuit,
331 1786 443 1855 veluti
466 1785 747 1856 luculentissima
773 1808 813 1855 ao
837 1785 947 1854 omnis
970 1785 1198 1864 certitudinis

72 1899 323 1982 argumentum
337 1895 610 1984 praeseferentia
619 1894 820 1965 testimonia
831 1916 893 1982 pro
906 1893 1095 1962 traditione
1106 1893 1198 1961 anti-

74 1995 267 2092 quissimae
290 2001 468 2071 Eeelesiae
500 2002 793 2091 Syroohaldaioae
815 2002 909 2072 eirea
930 2001 1028 2070 Petri
1051 2001 1198 2092 apostqli

74 2110 378 2201 Romanorumque
409 2111 647 2200 episcoporum
674 2110 887 2200 primatum,
920 2109 1094 2180 divinitus
1124 2107 1198 2178 illis

76 2217 256 2286 collatum.

144 2326 247 2396 Nune
269 2327 314 2394 ad
336 2326 443 2396 limen
466 2327 626 2416 opuseuli
644 2327 711 2395 mei
726 2326 906 2416 paulisper
921 2325 1073 2412 sistenti,
1091 2349 1198 2394 unum

76 2434 164 2502 mihi
177 2439 345 2525 superest,
357 2441 398 2503 ut
411 2424 595 2527 antequam
607 2435 809 2504 benevolum
819 2435 997 2504 Lectorem
1009 2434 1195 2518 dimittam,

77 2544 181 2632 eujus
203 2543 374 2633 patientia
396 2547 575 2633 tantopere
597 2545 727 2612 abusus
754 2565 853 2628 sum,
879 2543 1006 2634 quique
1029 2543 1066 2610 in
1089 2542 1197 2632 hujus

77 2651 353 2720 elucubrationis
376 2651 525 2720 decursu
547 2651 605 2720 hio
624 2651 700 2720 illie
723 2651 839 2739 legere
862 2651 1022 2720 debuerit
1044 2673 1132 2742 quae
1155 2651 1196 2719 de

77 2759 295 2828 Patriarehis
318 2764 354 2828 et
368 2759 673 2828 Patriarehatibus
688 2758 846 2828 liberiori
862 2761 952 2827 forte
968 2758 1099 2828 calamo
1119 2758 1196 2847 ipsa

77 2866 246 2935 orationis
269 2869 376 2937 series
400 2867 570 2936 disserere
589 2867 719 2957 exegit,
737 2873 955 2957 peramanter
971 2867 1084 2957 ipsum
1098 2887 1195 2957 prae-

78 2997 244 3060 moneam,
263 2999 306 3046 ne
329 2977 410 3044 inde
441 2977 498 3046 vel
526 2976 706 3045 minimum
737 2976 890 3065 cogitet,
916 2998 969 3044 me
1000 2976 1088 3044 male
1111 2997 1196 3070 erga
1319 3027 1321 3030 -

78 3083 345 3152 Patriarehatus
361 3083 558 3153 Orientales
570 3084 668 3170 ferri,
688 3089 752 3152 aut
766 3106 823 3152 eos
839 3083 1029 3174 deprimere
1045 3081 1101 3153 vel
1114 3081 1194 3151 vili-

77 3191 224 3282 pendere
247 3192 284 3260 in
306 3193 420 3260 animo
442 3193 581 3262 babere.

142 3299 232 3369 Nam
256 3299 288 3366 si
310 3298 355 3367 ad
378 3299 662 3368 demonstrandas
681 3299 891 3368 adamussim
915 3299 1074 3389 omnique
1096 3317 1193 3386 prae·

78 3407 207 3476 cisione
230 3406 456 3476 declarandas
487 3407 649 3498 Supremi
679 3407 856 3477 Eoelesiae
880 3407 1014 3498 Capitis
1044 3427 1194 3484 summas

78 3515 363 3604 praerogativas,
398 3514 502 3582 debui
531 3513 662 3583 alieubi
691 3513 917 3582 auctoritatis
945 3512 1193 3603 patriarchalis

78 3622 283 3690 mentionem
306 3623 438 3708 faeere,
461 3620 819 3712 comparationemque
842 3621 935 3690 inter
957 3621 1056 3688 illam
1079 3626 1115 3688 et
1137 3643 1193 3689 su·

79 3751 230 3819 premam
246 3729 425 3799 Primatus
440 3729 685 3798 auctoritatem
701 3727 900 3812 instituere,
911 3728 1193 3821 quemadmodum

79 3839 114 3906 id
130 3837 244 3927 ipsum
261 3839 371 3929 quoad
388 3839 564 3928 episcopos
577 3841 710 3929 quoque
727 3836 866 3927 saepius
880 3851 1046 3928 peragere
1058 3859 1194 3907 neeesse

81 3945 166 4030 fuit,
193 3967 260 4036 quo
283 3945 364 4014 inde
387 3946 542 4030 elarius,
567 3945 802 4030 luculentius,
828 3945 1037 4014 eminentius
1060 3950 1190 4034 pateat,

80 4051 281 4141 praesertim
301 4053 406 4140 juxta
438 4053 772 4142 Syroehaldaeorum
804 4059 970 4138 mentem,
996 4051 1193 4122 sublimitas

81 4159 262 4248 potestatis
286 4159 409 4230 summi
432 4158 567 4249 Capitis
589 4159 779 4247 Ecclesiae,
805 4181 872 4228 non
896 4160 927 4228 is
945 4159 1100 4250 proferto
1116 4179 1192 4225 sum
