3006 4672
313 147 360 218 24
712 173 752 218 nn
775 173 869 218 euru.
889 171 917 219 s.
931 171 1029 218 enrrr

317 315 333 350 n
352 286 605 373 Sacerdotium)
620 285 750 356 Joanni
767 288 912 378 virgini,
931 289 1091 382 quamvis
1113 294 1205 357 esset
1226 289 1336 358 etiam
1357 285 1427 354 zelo

318 423 334 458 n
353 397 488 488 plenus,
515 397 574 466 sed
589 396 721 465 Simoni
736 397 797 489 qui
814 398 1022 488 conjugatus
1038 403 1116 467 erat
1131 404 1167 467 et
1180 396 1364 466 Christum
1376 417 1427 463 ne·

318 531 333 564 n
353 504 467 594 gando
484 503 723 573 infirmitatem
738 510 903 595 expertus
916 511 982 574 csta
998 532 1014 566 n
1032 505 1121 573 Item
1137 528 1211 594 cap.
1229 511 1276 570 16
1293 503 1345 591 (1)
1368 503 1426 569 ait:

203 607 286 680 ΤΤ
319 612 504 682 «Addidit
526 613 694 682 Dominus
710 619 745 684 et
761 614 855 683 dixit
876 615 991 699 Petro,
1009 620 1046 684 et
1067 637 1130 705 per
1144 637 1222 682 eum
1239 611 1427 692 Ecclesiae,

318 749 335 788 a
354 723 509 806 verbum,
528 722 630 811 cujus
646 745 768 791 sensus
783 727 838 791 est
853 721 1088 814 prodigiosus:
1104 721 1285 812 Quidquid
1301 719 1431 809 ligave-

320 859 336 894 η
354 832 405 900 ris
421 832 458 898 in
470 837 577 917 terra,
592 831 662 900 erit
673 831 824 922 ligatum
837 832 874 899 in
887 832 1004 918 coelis,
1020 859 1037 894 n
1052 837 1118 901 etc.
1133 830 1266 899 Deinde
1281 843 1384 896 tract.
1399 831 1429 893 5.

319 962 394 1028 cap.
408 945 438 1006 1.
453 960 561 1028 agens
577 938 618 1008 de
634 941 851 1030 benignitate
867 963 937 1032 qua
952 941 1110 1010 sacerdos
1122 940 1223 1009 debet
1239 944 1434 1030 peccatores
1481 952 1482 1030 l

206 1047 287 1118 ΙΙΙ]
319 1046 487 1137 excipere,
511 1046 640 1135 ait(2):
669 1048 839 1135 «(Petrus
855 1047 1049 1138 Christum)
1071 1049 1229 1139 negavit,
1248 1055 1286 1116 et
1306 1046 1435 1137 juraju-

322 1179 338 1215 n
356 1155 465 1222 rando
478 1176 576 1222 suam
588 1155 807 1245 negationem
820 1158 1051 1242 confirmavit,
1066 1179 1176 1248 neque
1191 1162 1309 1225 temen
1325 1155 1436 1224 ideoa
1482 1122 1483 1186 i

321 1287 337 1324 n
357 1261 531 1352 dignitate
544 1262 760 1352 apostolatus
776 1285 838 1332 nec
853 1285 1027 1336 asuorum
1040 1263 1191 1332 fratrum
1203 1261 1435 1352 praeeminen-
1483 1292 1484 1356 p

322 1397 338 1432 n
356 1370 409 1438 tia
430 1372 582 1462 reJectus
598 1377 662 1456 est,
681 1372 740 1440 sed
758 1395 777 1440 e
792 1371 968 1441 contrario
984 1372 1124 1440 audivit
1139 1371 1360 1442 Salvatorem
1383 1365 1436 1435 illi

322 1504 337 1539 n
357 1478 539 1547 dicentem:
557 1479 663 1548 Pasce
679 1501 788 1569 agnos
803 1503 894 1549 meos
910 1486 946 1549 et
961 1503 1042 1550 oves
1059 1501 1162 1549 meas.
1179 1477 1279 1562 Quod
1295 1484 1332 1548 et
1347 1479 1437 1545 fecto

321 1609 339 1645 n
357 1585 461 1653 etiam
474 1586 531 1654 illi
542 1586 796 1658 demonstravit
814 1588 1019 1675 (Christus),
1038 1588 1163 1658 cumei
1179 1587 1284 1656 dixit:
1309 1586 1436 1666 Simon,
1485 1634 1486 1700 p

323 1720 339 1754 n
358 1715 434 1763 ecca
451 1694 599 1763 Satanas
615 1695 754 1788 quaerit
770 1719 832 1766 vos
849 1696 1002 1765 cribrare
1018 1696 1112 1766 siout
1126 1696 1300 1780 triticum,
1326 1701 1363 1763 ct
1377 1713 1438 1780 ego

324 1827 339 1864 a
357 1802 483 1892 rogavi
495 1824 557 1892 pro
569 1809 603 1871 te
616 1809 736 1872 utnon
748 1803 888 1873 deficiet
907 1804 993 1874 fides
1015 1810 1089 1873 tua.
1114 1801 1163 1872 Et
1184 1809 1226 1872 tu
1250 1799 1438 1894 aliquando
1486 1804 1487 1868 l

324 1931 533 1996 rueramus,
548 1910 712 1980 confirma
735 1911 863 1980 iratres
886 1917 977 1980 tuos.
1002 1912 1045 1980 Id
1066 1917 1131 1995 est,
1158 1908 1439 2002 quemadmodum

326 2045 342 2081 n
362 2019 429 2086 tibi
444 2019 667 2109 indulgentia
689 2021 773 2090 data
789 2020 861 2088 fuit
876 2043 954 2090 cum
970 2020 1134 2111 peccasti,
1148 2024 1190 2087 tu
1205 2018 1312 2087 etiem
1328 2013 1440 2086 indul·

326 2127 483 2215 agentia
504 2133 603 2196 utere
625 2150 711 2218 ergo
733 2131 873 2198 fratres
887 2134 966 2198 tuos
990 2127 1052 2219 qni
1074 2126 1283 2218 delinquunt
1306 2132 1344 2194 et
1369 2144 1441 2214 pec·
1488 2146 1489 2212 p

327 2261 343 2295 n
362 2241 454 2304 cant.
471 2261 487 2298 n
505 2235 574 2303 Ubi
589 2243 673 2306 nota
688 2237 804 2323 etiam,
824 2237 990 2330 quomodo
1005 2236 1097 2306 illud
1112 2235 1197 2304 Luc.
1216 2233 1297 2302 XX.
1316 2229 1438 2300 31-32.
1488 2223 1489 2234 ³

329 2342 566 2433 cintelligant
589 2343 675 2435 Syri
697 2347 760 2434 (3).

205 2465 299 2538 xx
394 2452 490 2522 Idem
526 2459 647 2522 auctor
681 2468 782 2522 tract.
815 2460 850 2524 4.
883 2478 958 2545 cap.
984 2461 1017 2521 6.
1047 2454 1097 2541 (4)
1120 2453 1195 2521 eit:
1224 2481 1240 2516 a
1269 2447 1443 2539 Discipuli

331 2592 347 2628 n
366 2587 481 2633 omnes
502 2564 653 2656 apostoli
675 2570 789 2649 erant,
808 2586 923 2634 omnes
938 2586 959 2631 a
973 2563 1201 2654 Redemptore
1216 2565 1337 2628 nostro
1352 2579 1442 2626 accc·

330 2701 347 2737 n
365 2681 493 2765 perunt
504 2697 668 2744 manuum
680 2673 945 2765 impositionem,
960 2694 1076 2742 omnes
1086 2669 1238 2761 episcopi
1250 2667 1339 2737 iacti
1349 2671 1442 2735 sunt.

331 2809 348 2842 r
368 2781 435 2852 Sed
457 2785 639 2872 ropionibus
662 2807 765 2850 causa
780 2783 897 2854 Simon
914 2784 1117 2848 constitutus
1142 2792 1191 2845 est
1214 2791 1358 2868 capuan
1385 2775 1445 2844 De·

402 3036 443 3112 (1)
464 3037 572 3093 Ibidem
591 3054 656 3106 pag.
672 3039 723 3091 112
736 3047 823 3091 recto.

404 3129 445 3205 (2)
464 3131 572 3186 ibidem
590 3132 817 3198 pag.137recto.

403 3219 444 3296 (3)
463 3225 526 3278 Non
545 3225 643 3291 pigeat
661 3223 709 3276 hic
728 3221 827 3275 andire
847 3217 984 3288 quomodo
1004 3217 1079 3270 hunc
1096 3218 1188 3270 Lucae
1207 3217 1298 3268 locum
1315 3213 1344 3268 S.
1357 3212 1447 3279 cyril-

334 3317 379 3368 lus
392 3316 606 3370 Alexandrinus
625 3315 656 3367 in
670 3315 731 3366 suis
744 3312 883 3378 homiliis,
900 3325 971 3378 quae
992 3309 1102 3375 syriaco
1115 3309 1241 3371 exstant,
1257 3307 1447 3372 interpretur.

213 3402 303 3475 W
334 3406 381 3460 Sic
393 3407 467 3460 enim
480 3408 511 3459 in
526 3406 645 3459 homilia
660 3405 711 3456 144
724 3401 801 3476 (pag.
813 3403 866 3453 412
879 3404 908 3454 et
921 3416 981 3467 seq.
997 3398 1067 3452 edit.
1081 3399 1178 3463 Poyne
1190 3390 1291 3468 Smitb)
1310 3395 1362 3447 ait:
1387 3393 1449 3445 «ce-

335 3500 412 3550 teros
426 3497 539 3563 quidem
558 3497 721 3564 Discipulos
741 3493 871 3559 reliquit.
887 3492 975 3545 Venit
989 3493 1082 3542 autem
1096 3487 1132 3540 ad
1144 3489 1227 3538 illum
1247 3486 1297 3552 qui
1316 3488 1379 3536 crat
1392 3483 1449 3548 pri·

335 3605 393 3640 urus
406 3591 435 3639 et
450 3594 533 3652 caput
551 3594 651 3648 coetus,
672 3588 702 3637 ct
721 3583 802 3636 dicit:
817 3583 955 3646 Per-saepe
970 3578 1116 3656 quaesivit
1128 3576 1250 3630 Satanas
1264 3590 1314 3626 voa
1327 3573 1450 3625 cribrare

338 3679 412 3731 sicut
431 3676 594 3728 triticum...
610 3676 669 3738 Ego
690 3678 783 3726 autem
798 3671 878 3725 oravi
897 3685 947 3737 pro
968 3673 1006 3734 te,
1028 3670 1135 3718 utnon
1155 3665 1268 3717 deficiat
1284 3661 1355 3714 fides
1369 3664 1449 3713 tua...

337 3769 375 3822 Et
393 3772 424 3820 tu
443 3765 597 3833 aliquando
614 3780 776 3830 conversus,
791 3764 924 3816 confirma
942 3759 1048 3812 iratres
1068 3759 1142 3823 tuos;
1158 3755 1245 3808 idest:
1265 3754 1335 3806 Esto
1349 3760 1449 3802 aucteu-

337 3870 422 3925 totor,
443 3859 585 3921 initiator,
597 3860 627 3909 et
646 3857 741 3906 doctor
760 3871 851 3905 eorum
870 3852 920 3920 qui
933 3866 985 3917 per
997 3849 1082 3915 fidem
1102 3847 1139 3898 od
1151 3863 1192 3898 me
1205 3845 1369 3897 accedent...
1385 3843 1449 3895 Gon·

339 3967 438 4008 versus
458 3949 605 4016 enimait,
619 3947 752 4001 confirma
770 3946 876 3998 iratres
895 3945 970 3995 tuos.
992 3938 1071 4002 Quod
1093 3939 1155 3990 crat
1174 3939 1204 3988 et
1217 3933 1314 3986 dantis
1329 3932 1446 3994 venian,

340 4045 368 4096 et
388 4040 527 4107 erigentis
547 4054 608 4092 aum
627 4038 663 4092 ad
682 4035 854 4102 apostolicas
873 4031 1064 4086 facultates.»
1084 4028 1160 4081 Haec
1173 4022 1385 4078 commentariis
1400 4036 1450 4074 non

339 4133 483 4196 indigent.

411 4215 453 4290 (4)
473 4216 539 4271 cod.
554 4217 696 4281 Sbcrfiuu.
718 4228 783 4280 pag.
800 4211 853 4262 124
872 4217 957 4262 recto.
