3006 4672
436 1179 736 1249 ARTICULUS
763 1181 796 1248 Ι.

98 1456 134 1498 DE
149 1455 250 1502 SENSU
265 1453 439 1498 noctuam
457 1451 741 1498 sraooflnnonicnn
757 1452 852 1496 01ch
868 1453 967 1496 PETRI
983 1451 1137 1498 Arosuom

288 1562 463 1606 PRIMA'EUM
477 1562 516 1605 AG
534 1561 634 1606 Dorus
650 1561 728 1604 INDE
745 1561 934 1607 MANAN'I'ES·

60 1743 154 1878 Cum
178 1811 304 1900 dogma
327 1809 419 1900 quod
441 1808 601 1878 Ecclesia
632 1807 805 1877 catholica
838 1812 957 1889 tenet,
983 1806 1175 1896 respiciens

60 1917 92 1985 S.
106 1917 199 1986 Petri
222 1917 374 2008 apostoli
396 1917 540 2008 ejusque
572 1937 809 1985 successorum
832 1915 1064 1983 Romanorum
1087 1915 1174 1981 Pon-

58 2025 185 2094 tificum
209 2024 426 2115 primatiales
449 2023 739 2114 praerogativas,
765 2023 813 2091 sit
844 2022 975 2090 veritas
997 2021 1174 2092 divinitus

58 2132 207 2202 revelata
228 2139 265 2200 et
287 2131 431 2221 proinde
461 2153 522 2220 per
546 2129 773 2220 apostolicam
795 2128 1021 2197 traditionem
1045 2127 1089 2196 ad
1112 2151 1175 2197 nos

58 2262 158 2331 usque
181 2239 393 2334 pervenerit,
409 2241 570 2330 sequitur
593 2239 684 2306 hano
708 2237 894 2308 veritatem
918 2236 1077 2306 debuisse
1093 2258 1174 2328 quo-

58 2370 194 2440 cumque
224 2347 365 2415 tandem
398 2346 495 2415 modo
525 2346 706 2415 Ecclesiae
740 2344 905 2413 orientali
935 2349 1053 2412 notam
1087 2365 1172 2412 esse.

56 2453 93 2522 ld
108 2456 196 2546 quod
212 2453 361 2522 maxime
378 2453 420 2522 dc
435 2453 595 2522 Ecclesia
613 2451 889 2542 Syrochaldaica
904 2451 1087 2519 dicendum
1107 2453 1173 2532 est,

57 2584 136 2652 quae
151 2549 304 2632 omnium
319 2561 558 2632 Ecclesiarum
581 2561 704 2652 prima,
720 2565 761 2629 ut
784 2559 935 2628 historia
951 2579 1053 2627 sacra
1068 2561 1175 2626 testa·

56 2675 121 2756 tur,
136 2670 287 2740 fundata
303 2675 370 2740 est.

112 2779 193 2848 Jam
216 2801 323 2864 vero,
349 2785 392 2846 ut
421 2799 443 2844 a
465 2778 563 2848 Petri
587 2779 743 2868 primatu
766 2776 1001 2865 incipiemus,
1032 2773 1175 2844 venturi

56 2885 210 2976 deinceps
234 2886 279 2954 ad
297 2886 489 2974 primatum·
504 2886 737 2953 Romanorum
761 2884 989 2968 Antistium,
1007 2883 1044 2950 in
1069 2881 1175 2971 Syro·

57 2991 294 3062 chaldaeorum
317 2991 548 3060 monumentis
577 3011 666 3083 quae
696 3011 779 3080 prae
810 2990 970 3058 manibus
993 2987 1172 3072 habemus,

56 3099 160 3167 multa
175 3120 284 3190 eaque
304 3097 462 3188 insignia
481 3103 564 3167 sunt
582 3099 801 3182 documenta,
821 3119 863 3165 ex
888 3097 1015 3188 quibus
1035 3093 1174 3164 eviden-

56 3210 104 3274 ter
119 3210 257 3275 constat
272 3205 380 3294 hujus
396 3204 576 3273 Ecclesiae
599 3204 824 3272 traditionem
841 3204 935 3272 circa
950 3223 1087 3270 sensum
1107 3223 1174 3290 quo

55 3311 250 3402 accipienda
272 3317 357 3380 sunt
379 3309 516 3378 Christi
539 3311 646 3380 verba
669 3310 762 3399 apud
785 3309 913 3378 Matth.
928 3307 1027 3376 XVI.
1045 3306 1099 3373 18.
1115 3305 1170 3375 19.

56 3422 174 3508 quibus
196 3419 366 3487 Dominus
390 3423 509 3486 noster
533 3418 720 3508 primatum
740 3414 1004 3504 jurisdictionis
1035 3413 1072 3482 in
1095 3413 1172 3482 uni·

56 3548 184 3597 versem
202 3549 301 3596 suam
316 3525 510 3596 Ecclesiam
525 3525 629 3594 Petro
646 3523 819 3615 promisit,
830 3529 866 3592 et
882 3523 947 3590 illa
962 3521 1056 3612 apud
1067 3521 1091 3590 J
1092 3541 1173 3590 oan-

56 3655 124 3702 nem
147 3633 247 3702 XXI.
264 3633 319 3702 15.
335 3634 390 3702 lo.
407 3632 461 3702 17.
477 3633 604 3724 quibus
623 3631 712 3700 hanc
728 3630 990 3720 promissionem
1006 3631 1173 3721 adimple·

55 3741 113 3827 vit,
138 3742 366 3812 traditionem
390 3742 531 3833 inquam
556 3738 854 3829 Syrochaldaicae
875 3737 1055 3809 Ecclesiae
1078 3738 1174 3808 circa

56 3846 210 3918 divinum
224 3848 323 3918 Petri
347 3846 536 3938 primatum
558 3845 701 3915 eandem
725 3867 799 3914 esse
822 3867 863 3916 ac
886 3846 986 3913 illam
1002 3866 1105 3936 quam
1121 3850 1172 3914 tc·

56 3957 126 4026 nuit
147 3977 283 4046 semper
299 3960 336 4025 et
356 3959 455 4024 tenet
476 3947 599 4022 sancte
620 3953 778 4021 Romana
792 3952 964 4022 Ecclesia.
980 3952 1087 4020 Immo
1114 3973 1171 4020 vc·

56 4058 277 4133 lementiores
289 4061 455 4132 videntur
466 4081 541 4130 esse
556 4059 762 4145 locutiones,
773 4059 900 4151 quibus
915 4059 959 4126 ad
976 4057 1171 4126 doctrinam

57 4165 134 4240 hano
153 4168 340 4258 religionis
363 4166 660 4239 fundamentalem
681 4164 940 4258 exprimendam
963 4163 1082 4232 utitur
1105 4163 1170 4232 Eo-

1028 4301 1044 4366 1
