3018 4672
295 143 361 210 120
743 159 905 206 sssnunrx
920 161 957 203 11.

296 277 371 341 luta
387 288 419 340 ct
429 273 623 363 personalis
646 272 913 360 infallibilito35
936 269 1109 340 seculares
1131 274 1248 338 autem
1272 270 1410 339 omnino
1494 289 1495 338 l

295 385 473 478 ignorant,
500 381 583 472 quid
607 381 655 448 sit
677 379 890 449 discriminis
913 379 1006 447 inter
1029 379 1232 444 accerbam
1254 379 1409 468 proposi·
1494 405 1495 446 1

294 490 422 559 tionem
444 494 480 558 et
498 490 693 576 promiscam
709 485 807 576 fidei,
826 492 892 556 etc.
910 487 953 556 In
976 487 1063 577 ipsis
1078 487 1183 555 etiam
1199 487 1409 576 disputatio·

293 600 396 666 nibus
420 619 506 689 quac
534 620 555 664 a
579 596 769 666 Catholicis
793 602 916 666 contra
942 596 1188 666 Schismaticos
1212 596 1335 665 haberi
1358 618 1409 664 so·

295 813 450 881 fcnditur
473 813 585 901 ipsius
608 812 849 881 infallibilitas
872 819 912 881 ut
935 813 1018 903 quid
1042 837 1063 879 a
1094 813 1248 902 primatu
1283 813 1409 880 distin·

296 927 401 1004 ctum,
420 919 478 987 sed
496 920 637 988 confuse
660 919 744 988 haec
760 921 827 988 duo
843 943 949 988 unum
965 921 1123 1010 idemque
1139 943 1213 989 esse
1236 919 1410 988 obiectum

296 1033 549 1116 supponuntur,
575 1027 689 1096 itaut
713 1050 812 1114 saepe
837 1021 1041 1117 argumenta
1057 1049 1144 1119 quae
1167 1051 1230 1117 pro
1252 1028 1409 1117 primatu
1496 1109 1497 1120 χ

296 1135 406 1203 abiis
430 1137 650 1218 afferuntur,
675 1137 720 1204 ad
747 1136 856 1226 ipsam
883 1136 999 1224 potius
1025 1135 1321 1204 infallibilitatem
1354 1136 1411 1204 de·
1496 1135 1497 1138 ’

296 1243 551 1312 monstrandam
573 1243 729 1312 tendant.

361 1352 393 1418 5.
420 1348 579 1418 Ceterum
609 1349 847 1418 Orientalibus
877 1351 1030 1436 nostris,
1060 1351 1183 1419 saltem
1215 1349 1410 1434 hodiernis,

295 1458 427 1524 nullam
451 1457 618 1546 injuriam
641 1457 751 1526 infert
774 1459 835 1549 qui
857 1459 1016 1542 affirmet,
1035 1480 1092 1527 eos
1115 1458 1344 1527 communiter
1358 1480 1411 1526 re·
1497 1510 1498 1516 κ

298 1565 360 1633 bus
383 1570 424 1633 ut
446 1564 546 1632 aiunt
568 1565 734 1653 practicis
757 1587 831 1634 ease
854 1566 973 1655 potius
989 1565 1164 1650 obnoxios,
1182 1566 1235 1634 ita
1250 1569 1293 1634 ut
1308 1587 1413 1657 quac-
1497 1605 1498 1624 2

297 1673 425 1742 stiones
459 1693 549 1740 mere
583 1673 793 1742 theoreticae
824 1673 881 1745 vel
910 1674 1002 1740 nihil
1033 1674 1088 1744 vel
1119 1695 1241 1764 parum
1272 1679 1410 1742 curent.

296 1781 462 1849 Sensibus
484 1781 574 1848 enim
597 1781 709 1870 magis
732 1781 887 1850 externis
910 1782 1129 1866 afficiuntur,
1155 1803 1257 1872 quam
1280 1790 1412 1852 menta·

296 1888 390 1958 libus
413 1889 527 1957 rebus.
553 1889 700 1979 Ideoque
716 1889 864 1957 multum
880 1890 997 1958 effecit
1011 1890 1104 1979 apud
1120 1912 1177 1958 eos
1191 1913 1283 1959 nova
1298 1890 1413 1980 dispo-

300 1997 395 2082 sitio,
413 2021 434 2065 a
449 2003 543 2086 pont.
563 2018 654 2066 max.
680 1998 742 2065 Pio
766 1997 819 2064 IX
842 1997 996 2066 feliciter
1018 2003 1187 2086 regnante
1210 1999 1324 2088 quoad
1348 1997 1415 2087 epi-

296 2127 474 2194 scoporum
491 2104 749 2173 institutionem
764 2105 881 2172 tribus
897 2104 1024 2173 abhinc
1040 2105 1142 2174 annia
1157 2104 1307 2173 invectu:
1321 2104 1415 2172 nihil

296 2211 452 2278 definitio
475 2211 748 2303 infallibilitatis
771 2210 969 2301 pontificiae
993 2211 1132 2280 efficiet.

361 2319 394 2385 6.
419 2318 473 2386 Ex
496 2318 553 2385 his
576 2319 732 2388 omnibus
754 2319 878 2409 liquet,
898 2319 1091 2388 orientales.
1113 2317 1257 2408 populos
1277 2317 1415 2410 (loquor

295 2426 499 2517 praesertim
515 2427 555 2494 de
573 2425 857 2515 Syroohaldaeis)
873 2449 954 2497 vere
969 2432 1005 2494 at
1021 2425 1167 2495 realiter
1182 2426 1414 2494 Romanorum

294 2535 495 2626 pontificum
511 2533 815 2618 infallibilitatem,
834 2556 1041 2626 quamquam
1053 2535 1091 2602 in
1107 2534 1263 2619 confuso,
1278 2555 1413 2623 semper

295 2643 473 2712 admisisse
496 2647 532 2711 et
554 2665 646 2710 nunc
668 2643 871 2728 admitters;
898 2664 954 2711 eos
978 2642 1101 2711 saltem
1124 2641 1262 2710 credere
1289 2663 1411 2710 unum·

295 2773 460 2842 quemque
484 2749 716 2834 catholicum,
743 2750 881 2818 etiamsi
903 2750 1078 2838 dignitate
1108 2748 1295 2839 episcopali
1327 2749 1411 2817 insi-

294 2859 442 2948 gnitum,
460 2858 571 2926 teneri
586 2858 629 2926 ad
654 2859 843 2946 perfectam
859 2857 1008 2927 decretis
1025 2857 1232 2948 dogmaticis
1243 2857 1411 2926 Romano-

294 2989 372 3034 rum
391 2965 589 3054 praesulum
612 2966 854 3054 praestandam
885 2965 987 3034 fidem
1016 2969 1052 3034 et
1081 2964 1310 3032 obedientiam
1338 2967 1412 3031 tum

293 3081 469 3143 externam
487 3080 563 3142 tum
578 3075 762 3143 internam.
788 3074 929 3142 Etenim
948 3074 1098 3143 'fidenter
1122 3095 1276 3142 asserere
1291 3095 1411 3162 possu-

294 3205 380 3266 mus,
399 3180 688 3270 Syroohaldaicos
704 3182 849 3271 populos
867 3180 981 3250 adhuc
997 3181 1162 3270 ignorare
1176 3177 1411 3249 infallibilita-

292 3295 361 3356 tem
376 3289 587 3378 pontificiam
605 3311 626 3355 a
642 3290 820 3355 catholicis
835 3289 1025 3356 bominibus
1040 3289 1150 3357 fuisse
1163 3289 1224 3357 diu
1236 3293 1409 3378 negatam3

294 3394 446 3474 forsitan
468 3396 571 3464 ctiam
595 3395 795 3464 scandalum
819 3399 1032 3484 paterentur,
1052 3395 1084 3464 si
1100 3394 1164 3466 hoe
1180 3395 1358 3466 audirent.

358 3503 391 3568 7.
417 3501 677 3578 Observandum
700 3507 754 3574 est
777 3502 901 3584 etiam,
927 3502 1112 3592 populares
1139 3507 1277 3572 nostros
1302 3502 1411 3591 Syros

294 3615 330 3676 et
340 3608 529 3678 Chaldaeos
552 3611 636 3679 adeo
660 3610 840 3679 sublimem
864 3610 990 3678 habere
1007 3610 1202 3679 sacerdotii
1225 3610 1411 3679 christiani

296 3715 580 3808 sacerdotumque
612 3717 882 3786 christianorum
907 3718 1037 3802 ideam,
1063 3724 1104 3786 ut
1133 3722 1213 3788 tuto
1244 3717 1411 3787 affirmare

294 3823 462 3912 possimus
478 3847 535 3892 eos
552 3825 701 3910 credere,
721 3824 952 3895 sacerdotium
968 3825 1014 3892 iis
1030 3825 1090 3916 qui
1107 3824 1197 3894 illud
1215 3825 1410 3916 suscipiunt

293 3935 430 4020 praeter
454 3933 735 4002 sacramentalem
752 3933 985 4022 characterem
1001 3932 1107 4001 aliam
1126 3932 1231 4002 etiam
1256 3932 1408 4001 conferre

294 4039 475 4131 quamdam
499 4040 678 4127 virtutem,
697 4066 766 4134 qua
781 4042 975 4113 eorumdem
999 4042 1215 4117 actaomnia
1241 4040 1407 4124 divinam,

293 4153 335 4214 ut
356 4148 408 4216 ita
430 4147 562 4230 dicam,
588 4146 738 4217 induant
761 4150 1004 4220 conditionem.
1031 4151 1130 4220 Unde
1153 4150 1210 4234 fit,
1238 4154 1279 4218 ut
1301 4147 1409 4217 orien·
1499 4165 1500 4194 ¹
