3006 4672
321 784 338 820 n
360 755 423 822 bus
443 778 503 826 nec
515 781 536 824 a
547 768 782 850 magnatibus.
799 805 815 839 n
832 783 989 866 Quonam
1002 795 1096 883 jure,
1116 827 1262 896 quaeso,
1281 815 1321 882 in
1338 831 1445 890 mente

317 861 495 934 Ecclesiae
521 865 752 964 Chaldaicos,
778 884 890 961 Roma
919 921 980 967 seu
1003 902 1166 978 Ecclesia
1193 917 1358 990 Romana
1386 928 1445 997 hoc

317 983 391 1044 tam
420 973 565 1046 fidenter
587 977 700 1050 dicere
724 1005 854 1084 posset,
873 1006 943 1076 nisi
966 1033 1005 1078 eo
1026 1018 1118 1103 quod
1146 1022 1245 1091 inter
1261 1052 1382 1102 omnes
1398 1060 1443 1104 ec·

317 1083 443 1156 clesias
469 1085 545 1174 ipsa
569 1087 806 1182 principatum
828 1115 991 1184 teneret?
1010 1120 1171 1201 Quanam
1195 1137 1291 1204 enim
1308 1146 1443 1211 ratione

316 1195 402 1263 haec
421 1193 524 1282 Urbs,
545 1204 618 1266 tam
634 1220 655 1264 a
673 1200 849 1282 Chaldaea
865 1220 1011 1309 dissita,
1038 1229 1224 1306 inducitur
1252 1246 1323 1312 tali
1346 1249 1441 1318 niodo

315 1303 471 1394 loquens,
490 1305 526 1373 in
550 1307 661 1377 officio
680 1309 787 1403 hujus
812 1323 993 1400 Ecclesiae
1016 1339 1174 1427 publico,
1202 1349 1275 1417 nisi
1305 1357 1349 1422 ob
1371 1359 1440 1446 pri-

315 1417 445 1481 matum
457 1436 524 1504 quo
535 1416 637 1484 illius
649 1420 831 1515 episcopus
842 1436 971 1522 pollere
983 1443 1270 1522 abeacreditur?
1282 1461 1439 1556 Denique

314 1543 376 1590 cnr
388 1521 542 1590 Romana
554 1525 682 1594 civitas
698 1551 780 1616 prae
796 1544 921 1612 ceteris
933 1546 1140 1622 civitatibus
1153 1559 1199 1625 fin
1204 1564 1307 1648 gitur
1318 1568 1438 1640 Eccle-

314 1629 385 1698 siae
409 1628 601 1702 catholicae
623 1634 825 1710 firmitatem
838 1653 911 1718 tem
926 1653 997 1722 alte
1024 1663 1241 1753 praedicare,
1265 1674 1337 1742 nisi
1355 1681 1438 1766 qnia

314 1735 403 1808 hanc
416 1760 478 1806 seu
484 1738 674 1812 Ecclesiam
687 1753 896 1836 supponitur
910 1783 1007 1828 snam
1020 1765 1225 1841 firmitatem
1235 1781 1280 1846 ab
1292 1783 1359 1850 illa
1377 1810 1436 1857 sen

313 1847 355 1914 ab
378 1845 479 1917 illius
505 1849 661 1941 episcopo
682 1855 743 1942 qui
772 1859 820 1928 sit
840 1863 938 1934 Petri
958 1892 1147 1962 successor,
1168 1881 1361 1957 derivare?

378 1954 455 2024 Nou
478 1955 586 2024 alium
609 1959 725 2028 eadem
748 1962 909 2040 Ecclesia
926 1973 1117 2050 Chaldaioa
1132 1987 1289 2059 animum
1305 1996 1435 2069 habere

312 2059 425 2145 debet,
441 2085 530 2148 cum,
545 2071 585 2132 ut
597 2065 683 2134 alibi
700 2069 949 2166 vidimusffl),
965 2084 1001 2150 in
1016 2089 1091 2155 suis
1104 2095 1258 2180 publicis
1269 2107 1433 2190 precibus

186 2131 273 2232 flu
310 2167 419 2236 canit:
436 2197 452 2232 a
472 2171 584 2238 Beata
597 2195 633 2240 es
656 2174 878 2250 celeberrima
893 2188 1012 2275 Roma,
1031 2198 1164 2284 regalis
1180 2205 1278 2290 urbs,
1305 2211 1434 2299 Sponsi

311 2277 500 2350 »scelesta
523 2282 687 2351 ancillam

372 2383 487 2476 Atque
498 2387 1429 2498 haccsuntquaeemporisaceolisSyroehaldaeorum

191 2520 196 2536 ι
308 2495 536 2562 monumentis
556 2495 657 2566 nobis
677 2499 798 2568 datum
812 2514 865 2574 est
881 2529 1062 2598 excerpere
1078 2517 1123 2584 nd
1135 2528 1430 2612 comprobandum

306 2596 536 2672 Romanorum
550 2604 751 2693 pontificum
760 2610 945 2697 primatum
957 2617 994 2684 in
1007 2623 1207 2696 universam
1213 2629 1424 2706 Ecclesiam.

374 2703 521 2780 Interim
544 2709 590 2778 iis
612 2733 698 2800 quae
718 2712 887 2788 hactenus
908 2729 1129 2811 exposuimus
1152 2740 1289 2808 attente
1312 2749 1426 2814 eonsi-

306 2810 449 2898 decetis,
472 2815 578 2904 juvat
600 2817 679 2888 iuda
703 2821 881 2910 deducere,
908 2835 1074 2919 quomodo
1098 2861 1238 2926 germen
1269 2847 1355 2917 fidei
1386 2854 1425 2921 in

305 2919 537 2992 Romanorum
558 2925 758 3013 pontificum
782 2933 981 3021 primatum,
1007 2939 1044 3008 in
1060 2941 1149 3032 ipsis
1165 2947 1424 3028 christianismi

304 3025 504 3118 primordiis
526 3031 618 3122 apud
635 3032 923 3122 Syrocheldaieos
946 3047 1090 3134 populos
1107 3055 1329 3146 seminatum,
1351 3066 1422 3135 cito

303 3133 547 3226 pullulaverit,
585 3143 887 3237 successivumque
919 3149 1169 3224 incrementum
1204 3185 1266 3250 per
1298 3173 1421 3240 secula

303 3243 377 3312 sine
408 3243 663 3320 intermissione
691 3250 853 3340 adeptum
888 3257 1009 3344 fuerit,
1043 3268 1078 3330 et
1110 3272 1319 3352 praesertim
1352 3282 1419 3347 sub

303 3372 503 3441 magnorum
529 3355 752 3425 conciliorum
775 3359 996 3432 orientalium
1026 3375 1253 3444 memorandis
1284 3387 1416 3474 tempo-

302 3457 411 3544 ribus,
436 3459 539 3529 itaut
561 3462 803 3552 perfectionem
824 3467 895 3554 jam
911 3471 1085 3560 attigerit,
1104 3500 1181 3545 oum
1200 3493 1416 3560 exsecranda

300 3692 388 3753 illius.
404 3695 589 3760 patriarchali
605 3697 806 3764 jurisdictione
825 3709 989 3773 separaret,
1011 3707 1147 3764 dixerunt
1165 3714 1200 3766 ab
1219 3715 1413 3778 Occidentali-

301 3785 354 3840 hus
372 3783 423 3838 hoo
435 3783 618 3850 psivilsgium
640 3801 799 3844 conoessum
821 3791 919 3850 fuisse.
954 3795 1162 3858 Posterioribus
1182 3805 1276 3856 temen
1302 3814 1411 3866 seculis

300 3874 374 3932 illud
398 3873 591 3932 &cementum
612 3878 741 3932 effinxere
760 3879 795 3934 de
815 3896 868 3948 qno
882 3897 973 3936 sermo
992 3885 1023 3938 in
1041 3890 1132 3956 tex-tu,
1150 3891 1280 3960 illudque
1294 3897 1411 3970 Synodo

300 3966 439 4022 Nlcssnse
458 3965 587 4023 mtsrins
606 3982 762 4035 supponere
783 3985 905 4039 uespere.

369 4054 410 4132 (1)
429 4057 463 4112 ln
491 4058 618 4123 vesperis
648 4058 729 4112 efficii
759 4059 913 4118 dominicas
939 4065 993 4120 III.
1022 4067 1215 4128 Dedicationis
1240 4075 1406 4150 Ecclesiae,

300 4145 365 4200 (lod.
386 4147 446 4204 XL.
