3006 4672
325 133 370 202 26
727 153 767 198 nr
790 151 884 199 rum.
903 153 930 200 s.
945 151 1043 198 earm

326 287 396 355 gno
418 266 583 335 habuerit
598 265 639 334 de
655 265 888 356 apostolorum
908 265 1005 334 Petri
1019 269 1056 334 et
1070 263 1174 332 Pauli
1196 263 1369 352 martyrio
1383 261 1441 348 (1).

183 377 296 450 zza
325 371 380 441 En
404 374 523 443 verba:
560 371 719 441 «Petrus
750 379 867 441 autem
897 372 1025 441 meruit
1055 371 1209 462 accipere
1233 373 1270 456 (a
1295 370 1443 458 Christo)

328 508 344 545 o
363 480 575 551 vicariatum
592 501 696 568 super
712 479 878 569 populum
893 478 980 548 eius.
1000 507 1015 542 n
1041 479 1118 547 Vox
1142 478 1283 546 arabica
1296 477 1398 538 rius·
1411 477 1444 544 in

325 594 426 657 textu
449 585 633 672 adhibita,
660 586 839 675 significat
866 587 1109 675 imperatoriae
1132 586 1354 651 auctoritatis
1379 596 1443 647 trc-

327 693 490 762 ditionem
509 718 571 783 per
591 709 791 784 perpetuom
814 698 1048 764 successionem
1071 691 1335 767 continuandae,

392 804 476 872 Post
498 803 583 873 haec
607 825 694 894 quae
710 803 879 873 hactenus
896 827 937 874 ex
957 803 1183 895 scriptoribus
1200 799 1444 892 Syrochaldai-

325 909 377 979 cis
399 909 622 995 adduximus,
648 911 717 979 duo
737 909 844 999 juvat
867 912 1097 980 considerare.

392 1019 437 1088 1⁰.
472 1019 688 1089 Sententiam
720 1041 823 1110 quam
854 1019 1013 1088 Ecclesia
1043 1018 1319 1110 Syrochaldaica
1354 1019 1445 1088 circa

326 1125 424 1196 Petri
445 1127 713 1218 praerogativas
744 1127 907 1196 inlibris
937 1127 1112 1198 canonicis
1144 1128 1354 1220 scriptisque
1377 1127 1445 1216 pri-

325 1233 419 1303 vatis
430 1235 529 1303 nobis
551 1233 702 1319 exhibet,
725 1235 864 1304 eandem
877 1256 1019 1324 prorsus
1031 1257 1104 1303 esse
1119 1256 1159 1302 ac
1182 1234 1280 1302 illam
1304 1255 1395 1324 quae
1409 1233 1445 1300 in

324 1342 427 1412 libris
442 1342 634 1432 liturgicis,
655 1341 875 1432 paragrapho
894 1343 1113 1432 praecedenti
1137 1343 1377 1432 perlustratis,
1404 1341 1445 1407 ab

326 1451 443 1520 eadem
461 1449 620 1520 Ecclesia
643 1451 847 1536 affirmatur;
882 1451 965 1519 aliis
989 1451 1104 1530 verbis
1128 1451 1320 1520 Ecclesiam
1340 1450 1445 1538 Syro·

327 1557 542 1626 chaldaicam
555 1558 764 1626 sententiam
777 1580 886 1643 suam,
909 1580 1008 1649 quam
1029 1559 1072 1627 ab
1083 1559 1273 1649 apostolica
1284 1557 1445 1626 traditio·

326 1687 368 1736 ne
382 1664 480 1734 circa
492 1665 590 1734 Petri
611 1664 750 1746 divinas
763 1665 860 1734 dotes
885 1673 1075 1756 acceperat,
1094 1673 1169 1734 tum
1192 1689 1252 1756 per
1268 1665 1444 1756 publicum

326 1771 397 1840 Deo
409 1770 584 1840 redditum
607 1771 752 1857 cultum,
767 1779 842 1842 tum
855 1795 915 1862 per
935 1796 1021 1854 ¹suas
1048 1773 1229 1847 canonicas
1245 1772 1354 1862 leges,
1373 1778 1445 1840 tum

326 1879 472 1972 denique
489 1903 549 1970 per
567 1880 733 1950 Doctores
749 1881 842 1950 varii
858 1882 996 1971 generis
1010 1881 1168 1973 variique
1180 1881 1359 1972 temporis,
1375 1881 1445 1949 sine

327 1985 400 2056 ullo
424 1986 624 2056 discrimina
647 1987 869 2078 expressisse.
884 1987 1081 2058 Conferenti
1109 1988 1199 2056 enim
1225 2011 1265 2056 ea
1285 2011 1375 2078 qnae
1391 2011 1444 2057 su·

230 2107 232 2118 '
327 2114 392 2184 pra
414 2094 634 2185 paragrapho
658 2095 878 2185 praecedenti
899 2118 941 2164 ex
964 2095 1067 2164 libris
1090 2095 1266 2185 liturgicis
1293 2097 1446 2187 deprom-

326 2201 472 2292 psimus,
502 2226 579 2272 cum
606 2203 652 2272 iis
687 2226 773 2296 qnae
800 2203 866 2273 hac
894 2205 1116 2295 paragrapho
1147 2227 1192 2274 ex
1215 2204 1445 2294 scriptoribus

324 2309 475 2399 privatis
492 2310 690 2396 citavimus,
703 2311 781 2381 luce
801 2312 992 2380 meridiana
1014 2312 1146 2381 clarius
1168 2317 1277 2402 patet,
1304 2312 1445 2380 eandem

326 2415 402 2486 illic
427 2417 543 2489 ethic
572 2419 665 2489 circa
685 2419 749 2489 hoc
776 2419 859 2489 fidei
881 2420 1072 2490 catholicae
1104 2426 1209 2510 caput
1236 2421 1364 2510 exponi
1391 2421 1445 2488 ‹lo-

327 2525 490 2596 otrinam.
1296 2591 1298 2594 .

390 2634 435 2702 2⁰.
467 2633 707 2704 (Proditionem
730 2632 819 2702 hanc
850 2633 1076 2724 apostolicam
1101 2635 1138 2703 in
1163 2635 1364 2725 primordiis
1396 2634 1444 2704 rei

325 2741 536 2816 christianae
553 2748 682 2828 natam,
701 2742 795 2832 apud
812 2741 1090 2832 Syrochaldaeos
1106 2742 1147 2812 de
1163 2743 1301 2813 saeculo
1317 2743 1357 2811 in
1374 2765 1444 2812 sae·

326 2850 442 2920 culum
467 2872 577 2941 usque
600 2849 645 2918 ad
671 2849 797 2920 ultima
811 2856 966 2940 tempora
982 2849 1142 2918 sineulla
1161 2851 1359 2920 variatione
1383 2856 1444 2918 aut

325 2955 582 3026 intermissione
601 2958 841 3025 transmissam
865 2958 986 3028 fuisse.
1014 2958 1152 3027 Etenim
1176 2958 1214 3027 in
1238 2960 1313 3048 ipso
1330 2980 1443 3028 saecu·

326 3065 360 3132 lo
372 3063 492 3132 ΧΠΙ.ο
515 3087 581 3156 quo
600 3064 717 3154 elapso
735 3064 778 3132 ad
793 3066 926 3134 exitum
950 3087 990 3134 ac
1008 3065 1189 3134 interitum
1207 3067 1384 3137 declinare
1396 3067 1445 3134 in·

327 3171 479 3262 cipiebat
502 3170 575 3260 jam
604 3170 839 3240 ecclesiastica
863 3171 1068 3240 litteratura
1086 3170 1373 3262 Syrochaldaica,
1393 3173 1443 3242 vi·

326 3280 445 3351 demus
469 3278 656 3369 scriptores
679 3278 720 3346 de
744 3279 847 3348 Petro
870 3279 967 3371 loqui
991 3279 1108 3348 eadem
1131 3280 1267 3350 ratione
1289 3302 1330 3349 ac
1362 3281 1444 3350 illos

327 3387 387 3479 qui
417 3387 539 3478 primis
563 3387 691 3456 seculis
720 3387 849 3456 vixere.
873 3387 961 3456 Nam
986 3409 1027 3455 ex
1061 3387 1164 3476 Syris
1192 3389 1329 3480 quidem
1358 3389 1443 3456 Bar·

326 3493 495 3562 hebraeus
515 3494 759 3564 celeberrimus
779 3494 878 3563 illius
891 3495 1023 3564 saeculi
1034 3494 1229 3586 theologus,
1245 3503 1281 3565 et
1292 3497 1444 3566 omnium

327 3602 535 3692 scriptorum
559 3603 908 3693 Syrochaldaeorum,
935 3609 976 3673 ut
1005 3604 1057 3672 ait
1083 3605 1308 3691 Assemanus,
1338 3606 1443 3674 facile

326 3708 498 3798 princeps,
524 3709 683 3780 adderem
706 3718 741 3780 et
767 3718 972 3802 postremus,
999 3713 1049 3782 sic
1075 3713 1113 3781 in
1131 3713 1311 3798 Chronico,
1333 3713 1440 3783 histo-

326 3814 576 3906 riographum,
602 3839 670 3885 non
693 3819 900 3909 panegyrici
923 3820 1127 3910 scriptorem
1161 3842 1280 3911 agens,
1307 3821 1349 3890 de
1382 3821 1440 3890 Pe·

397 4067 439 4142 (1)
457 4071 511 4125 Hic
530 4087 619 4126 sermo
632 4075 729 4126 exstat
740 4073 771 4125 in
785 4071 851 4126 Ood.
867 4073 994 4128 viulas
1007 4089 1042 4128 ex
1055 4073 1192 4142 Syriacis.
1206 4076 1301 4130 Verba
1312 4075 1343 4130 iu
1360 4078 1437 4132 textu

332 4159 452 4214 adducta
471 4163 589 4216 exstant
607 4176 671 4228 pag.
689 4161 750 4213 194.
764 4177 852 4213 cerco.
