3018 4672
508 102 672 148 urrnnmx
690 103 713 146 1.
1111 82 1175 150 101

48 229 211 296 gressum
246 209 291 277 ad
324 209 490 280 veritatis
524 211 718 281 catholicae
747 211 913 280 Centrum
952 223 1173 304 exceperunt.

48 315 182 384 Omitto
220 317 459 386 testimonium
494 326 713 389 vetustorum
746 321 855 410 hujus
893 322 1047 391 nationis
1086 324 1177 392 codi-

49 445 130 490 cum
155 422 218 509 (1).
245 423 404 516 Denique
427 426 522 494 haud
537 427 717 513 minorem,
736 429 912 497 sententia
935 452 1026 516 mea,
1045 431 1178 520 gloriae

47 528 257 616 laureolam,
284 539 324 600 ut
349 555 418 600 non
442 534 555 603 dicam
578 537 761 625 majorem,
788 537 1044 606 contribuimus
1066 539 1189 614 Maro.

50 637 211 706 nitarum
235 639 382 725 nationi,
414 663 495 711 vere
519 641 602 709 olim
626 643 664 710 in
688 643 831 713 Oriente
861 644 942 712 inde
969 667 990 712 a
1015 668 1078 713 sua
1102 671 1180 715 con·
1277 703 1281 710 .

51 746 214 815 versione
238 747 379 816 florenti
397 751 490 819 siout
513 773 612 821 rosae
635 751 729 820 inter
753 753 883 842 spinas,
899 754 1082 822 asserendo
1105 777 1179 824 eam

51 860 133 944 post
163 862 218 924 tot
247 857 443 926 seculorum
478 861 728 929 obscuritatem
752 860 803 947 (2)
835 861 1106 954 diuturnamque
1137 865 1181 930 ab

55 1057 88 1109 dc
109 1057 226 1111 Andrea
244 1059 370 1125 archiep.
386 1061 486 1113 coloss.
502 1063 597 1125 legato
611 1065 702 1128 apost.
720 1063 780 1114 ait:
799 1064 938 1116 «Heliam
953 1064 1112 1130 episcopum
1126 1068 1185 1120 Ma·

57 1170 68 1197 n
84 1150 256 1216 renitarnm,
272 1150 323 1216 qai
341 1166 401 1202 cara
413 1166 464 1202 aaa
476 1151 596 1203 naticae
607 1153 731 1204 Macaria'
750 1153 928 1219 deprecabar
940 1153 971 1204 in
985 1153 1080 1206 eodem
1094 1171 1180 1221 regno

55 1261 68 1287 a
83 1239 212 1292 infectus
221 1254 280 1292 cnm
294 1238 370 1292 omni
384 1239 567 1294 multitudine
583 1243 746 1308 populorum
760 1246 789 1295 et
801 1243 966 1296 clericorum
981 1243 1118 1297 ininsula
1132 1246 1183 1312 (ly-

57 1350 69 1376 a
83 1328 130 1394 pri
145 1328 172 1380 ei
183 1328 319 1396 subjecta,
336 1329 372 1380 ad
391 1329 544 1382 veritatem
562 1329 629 1382 fidei
648 1331 1045 1385 orthodoxae...convertit.n
1070 1334 1178 1398 Pergit:

57 1437 70 1465 a
85 1417 188 1470 Helias
200 1433 266 1470 vero
274 1419 479 1471 Maronitarum
492 1419 648 1486 episcopua,
662 1420 792 1474 nuncium
802 1420 837 1474 de
847 1421 901 1473 flde
910 1421 988 1474 Rom.
1001 1423 1178 1475 Ecclesiae...

57 1528 69 1555 a
85 1510 240 1560 solemnem
258 1507 462 1574 professionem
480 1505 672 1581 (emissurum)
686 1509 722 1561 ad
736 1526 886 1576 nasusque
900 1507 1033 1582 (misiae
1049 1512 1117 1563 Tum
1138 1527 1180 1564 re-

55 1598 114 1649 fert
126 1597 331 1664 professionem
351 1599 481 1650 emissam
501 1601 630 1664 exparte
650 1598 793 1651 Timothei
811 1599 1009 1666 metropolitae
1026 1598 1181 1652 Chaldaeo-

56 1705 126 1755 rum,
140 1692 170 1741 et
183 1687 288 1754 pergit:
312 1707 324 1734 a
337 1687 463 1740 Similem
477 1703 528 1754 per
540 1689 634 1740 omnia
647 1689 850 1755 professionem
871 1689 992 1741 dilectus
1016 1690 1048 1741 in
1067 1689 1182 1743 (lhristo

58 1799 70 1826 a
86 1779 166 1830 filius
185 1779 266 1830 Isaac
284 1777 403 1831 nuncius
422 1777 597 1834 venerabilis
610 1777 712 1830 fratris
731 1779 823 1831 nostri
836 1779 938 1831 Heliae
954 1779 1079 1846 episcopi
1092 1781 1181 1833 Marc-

60 1869 215 1922 anitarum
233 1867 325 1935 ipsius
338 1867 399 1921 vioe
417 1869 446 1920 et
459 1867 582 1932 nomine,
594 1869 769 1934 reprobando
780 1869 905 1920 Macaria·
924 1870 957 1919 de
975 1871 1062 1921 aeica
1081 1872 1181 1921 eclan-

60 1966 146 2010 etate
159 1958 193 2008 iri
208 1957 319 2010 Christo
332 1957 475 2021 haeream,
491 1973 551 2009 cum
570 1959 659 2009 multa
673 1958 857 2010 veneratione
872 1957 976 2011 emisit.
990 1979 1003 2006 n
1027 1959 1102 2010 Hinc
1122 1960 1180 2011 exi-

57 2049 130 2101 mius
151 2047 282 2114 pontifex
302 2047 473 2100 Benedictus
492 2047 569 2099 XIV.
590 2047 621 2098 in
650 2047 856 2100 constitutione
885 2049 999 2098 Allatas
1021 2055 1087 2098 caat
1115 2050 1138 2112 ἓ.
1154 2047 1180 2100 5,

56 2136 186 2204 (Butler.
202 2139 280 2189 Bam.
295 2143 316 2188 t.
329 2139 354 2188 3.
370 2153 440 2202 pap.
456 2137 533 2204 341.)
552 2137 603 2188 ait:
623 2154 635 2182 a
650 2135 794 2200 Eugenins
808 2135 949 2202 pontifex,
964 2135 1115 2189 Florentia
1129 2137 1182 2190 lto·

59 2243 163 2280 nmam
181 2227 335 2294 profectus,
355 2227 467 2290 legatos
487 2225 574 2278 etiam
593 2225 671 2290 regis
689 2223 861 2292 Aethiopum
881 2227 1010 2292 excepit;
1032 2241 1064 2278 ac
1082 2225 1179 2292 Syros,

60 2317 258 2384 »Chaldaeos
281 2323 307 2367 et
325 2317 485 2368 Maronitas
504 2316 539 2369 ad
558 2315 750 2370 obedientiam
770 2317 913 2369 Romanae
930 2315 1013 2370 Sedis
1032 2315 1153 2380 redegit.
1169 2316 1194 2364 a*

58 2411 198 2464 Testibus
215 2409 307 2474 igitur
319 2407 502 2476 praesulibus
515 2406 659 2460 Ecclesiae
672 2409 824 2476 Romanae,
837 2423 932 2460 omnes
946 2406 1184 2472 Syrochaldaicae

58 2501 190 2554 familiae
209 2501 308 2564 gentes
328 2498 423 2551 eadem
436 2497 546 2551 ratione
560 2497 596 2549 ad
610 2497 801 2550 obedientiam
815 2497 900 2566 hujus
913 2499 1027 2550 sanctae
1041 2496 1183 2548 Ecclesiae

59 2591 172 2644 redacti
186 2577 263 2656 sunt,
276 2603 367 2657 neque
381 2587 538 2642 Maronitas
551 2602 618 2652 prae
632 2587 736 2639 ceteris
757 2586 816 2640 suis
836 2586 1089 2638 coarcatioaclllas
1101 2583 1184 2650 Syris

59 2685 147 2748 atquc
160 2677 314 2733 Chaldaeis
327 2667 447 2744 possunt
459 2676 490 2728 in
504 2677 556 2730 hec
568 2676 691 2741 aliquem
704 2677 812 2740 gloriae
826 2676 941 2728 titulum
955 2676 1011 2728 sibi
1022 2674 1182 2728 vindicare.

133 2767 176 2840 (1)
196 2769 332 2836 Equidem
351 2768 421 2820 ferri
436 2767 537 2834 nequit
550 2765 623 2833 quod
636 2765 780 2818 Naironus
797 2765 843 2833 (de
856 2766 968 2830 eripias
980 2773 1030 2818 etc.
1045 2764 1184 2817 Marcell,

55 2881 126 2930 paq.
146 2861 211 2930 112)
223 2859 257 2912 de
277 2859 385 2912 nostris
404 2858 486 2924 Syris
499 2856 640 2911 lacebitis
660 2857 774 2923 asserit,
796 2856 934 2910 videlicet
947 2872 994 2910 eos
1014 2871 1079 2910 suae
1094 2847 1184 2908 natio·

60 2954 107 3005 nis
131 2950 242 3006 codices
260 2949 437 3016 corrupisse,
459 2947 494 3002 ad
514 2949 637 3014 ipsorum
659 2945 791 3010 dogmata
811 2962 858 3000 eos
880 2945 1044 3010 redigendo.
1067 2944 1137 2996 Nam
1157 2944 1183 2996 si

60 3045 146 3096 tanto
164 3057 231 3094 suae
239 3038 309 3093 ‘fidei
322 3041 382 3091 zelo
395 3040 414 3092 J
415 3039 542 3091 acobitae
555 3036 705 3102 ardebant,
721 3051 769 3088 cur
781 3020 979 3090 Melchitarnm
993 3034 1078 3087 libris
1095 3031 1185 3096 magis

60 3152 77 3186 a
96 3133 159 3186 suis
177 3129 407 3197 discrepantibus
420 3127 622 3194 pepercerunt?
636 3139 684 3177 cur
695 3123 937 3193 Nestorianorum,
954 3123 1117 3189 quibuscum
1136 3135 1186 3186 per

60 3229 106 3278 tot
125 3223 220 3276 secula
235 3223 292 3274 tam
311 3219 412 3272 intime
431 3215 595 3268 intermixti
609 3217 700 3280 erant,
722 3213 831 3266 codices
851 3203 975 3264 intactos
989 3208 1185 3290 reliquerunt?

61 3319 117 3370 Gur
129 3313 190 3381 ipsi
209 3311 366 3365 Maronitae
385 3307 459 3360 idem
480 3321 545 3360 suae
564 3287 631 3357 fidei
651 3306 740 3356 zelum
764 3318 820 3355 non
844 3299 1032 3354 ostenderunt
1051 3311 1119 3360 erga
1138 3296 1186 3348 Ja-

60 3407 221 3460 cobitarum
241 3398 359 3464 codices,
371 3413 418 3450 ecs
437 3393 472 3447 ad
493 3409 557 3447 snae
572 3391 757 3446 orthodoxiae
770 3405 894 3442 normam
908 3384 1090 3450 corrigendo?
1103 3383 1186 3436 Oerte
1275 3458 1277 3462 v

62 3499 79 3550 J
82 3495 214 3550 acobitae
227 3489 320 3542 nostri
333 3489 411 3540 iuter
429 3484 561 3537 nationes
580 3482 752 3548 Orientales,
775 3488 860 3531 artem
880 3479 967 3528 libros
987 3475 1095 3527 alienos
1109 3472 1187 3524 adal-

61 3584 179 3639 teraadi
197 3581 311 3646 miratae
332 3579 474 3640 callentes,
489 3573 565 3626 haud
585 3573 704 3640 primum
724 3572 860 3637 occupant
878 3570 977 3620 locum.

135 3671 179 3746 (2)
198 3671 300 3726 Mirum
319 3672 382 3735 est,
407 3681 490 3734 quam
509 3679 593 3731 parca
612 3665 668 3715 imo
688 3675 777 3715 avara
797 3659 837 3713 sit
862 3655 992 3710 Historia
1016 3653 1047 3704 in
1068 3651 1191 3704 referen-

64 3765 109 3818 dis
123 3758 353 3828 antiquitatibus
379 3754 595 3809 Maronitarum.
610 3751 665 3806 Sed
692 3749 785 3814 magis
804 3743 964 3799 mirandum
987 3758 1017 3794 se
1037 3739 1133 3794 reddit
1152 3741 1187 3792 cl.

63 3855 247 3918 AssemannS,
262 3829 323 3902 cum
341 3849 491 3913 tantopere
509 3842 627 3896 insudat
645 3843 677 3893 ut
696 3854 762 3892 suae
783 3836 879 3902 gentis
899 3830 1015 3901 aliquod
1035 3829 1189 3916 vestigium

64 3961 115 4014 per
128 3943 176 3996 fas
187 3958 219 3996 ac
229 3940 311 3994 nefas
322 3939 353 3990 in
364 3935 492 4002 antiquis
505 3930 695 3986 monumentis
708 3927 851 3982 inveniat.
866 3924 981 3977 Etenim
995 3920 1068 3988 quod
1083 3919 1191 3972 attinet

64 4036 100 4089 cd
120 4038 263 4088 Joaaaem
281 4031 341 4080 Bar
359 4027 509 4092 Fraapaje
527 4039 575 4077 sen
589 4022 683 4088 filiam
702 4020 878 4070 Francorum
897 4029 977 4081 quem
997 4009 1190 4077 Ebedjeshons

64 4124 204 4183 Sobensis
224 4123 302 4175 inter
315 4119 469 4186 scriptores
491 4129 556 4169 suae
579 4115 672 4166 sectae
694 4111 838 4174 memorat,
864 4118 998 4172 quemque
1021 4100 1189 4153 Assemanua
