3006 4672
365 633 453 741 An
493 629 825 802 pECTOREM

546 1067 642 1081 —

116 1576 221 1665 Non
253 1586 316 1663 est
347 1572 454 1662 mihi
487 1603 611 1664 mens
646 1573 691 1663 in
728 1572 808 1662 hac
838 1570 1148 1696 qualicumque

21 1717 357 1809 elucubratione
395 1717 684 1840 theologicum
720 1730 949 1806 tractatum
982 1717 1033 1806 dc
1063 1720 1148 1810 Ro·
1241 1811 1244 1817 .

23 1894 150 1950 mono
175 1860 381 1983 Pontificc
403 1859 498 1967 tibi,
524 1861 743 1951 Benevola
765 1863 933 1966 Lector,
970 1859 1142 1953 offerre.

25 2005 74 2096 ld
98 2020 275 2096 tantum
297 2004 405 2094 mihi
426 2005 518 2124 ipse
541 2004 763 2126 proposui,
790 2036 845 2094 ex
879 2007 1147 2095 monumentis

27 2149 216 2269 antiquis
235 2146 585 2266 Sprocltold'oicoe
609 2149 742 2267 pontis
763 2147 1007 2254 ostendere,
1033 2180 1147 2269 quae

27 2292 119 2410 ejus
166 2290 297 2380 fuerit
333 2289 529 2381 doctrina
566 2291 677 2382 circa
713 2289 829 2381 Petri
872 2291 1145 2414 Romanique

28 2432 248 2524 Pontificis
291 2434 544 2552 primatum.
591 2434 705 2527 Nihil
746 2466 848 2556 ergo
892 2465 973 2554 per
1008 2451 1145 2526 totam

28 2607 178 2667 meam
195 2575 568 2668 elucubrationem
582 2579 805 2700 attingam,
823 2578 942 2700 quod
961 2577 1018 2670 ad
1033 2579 1144 2670 hanc

29 2737 206 2840 gentem
227 2711 315 2810 non
336 2721 567 2839 pertineat,
593 2720 700 2811 nihil
723 2720 843 2842 quod
868 2721 925 2812 ad
946 2736 1144 2843 tempora

30 2863 271 2954 recentiora
307 2863 548 2972 celeratur,
591 2863 673 2955 nisi
709 2865 819 2957 forte
857 2865 1013 2957 obiter.
1060 2869 1145 2957 Per

33 3023 228 3128 tempora
261 3022 407 3096 antem
444 3007 686 3099 recentiora
721 3007 915 3130 intelligo
957 3041 1143 3131 eaquae
1220 3091 1222 3099 .

29 3150 241 3241 Ecclesiae
283 3149 637 3272 Syrochaldaicae
680 3149 830 3241 unioni
872 3149 1023 3242 seculis
1063 3184 1142 3272 po-

31 3294 280 3384 sterioribus
311 3322 411 3385 cum
432 3294 619 3388 Ecclesia
642 3297 840 3387 Romana
864 3293 1015 3402 laetae,
1047 3325 1141 3387 suc-

32 3452 262 3530 cesserunt.

115 3580 320 3704 Denique
341 3587 404 3674 Te
426 3584 553 3676 enixe
574 3617 695 3706 rogo,
722 3598 770 3672 ut
803 3581 988 3702 seposita
1019 3585 1139 3674 omni

35 3724 319 3842 praeformata
350 3729 580 3836 sententia,
602 3727 818 3850 judicium
851 3727 907 3818 de
929 3727 1140 3847 opinioni·

34 3866 106 3958 bus
138 3870 457 3994 propositisque
488 3872 597 3963 meis
629 3871 895 3993 suspendere
919 3871 1040 3979 velis,
1060 3871 1138 3962 do-

36 4042 105 4103 nec
136 4029 315 4123 attente,
343 4015 378 4106 si
400 4015 446 4106 id
477 4014 590 4107 ferre
622 4015 771 4138 possis,
808 4046 880 4106 me
910 4030 1050 4107 totum
1080 4018 1138 4107 le·

38 4157 152 4274 geris.
191 4156 314 4250 Vale.
