3006 4672
582 178 817 228 meseonem
1192 178 1255 228 ¹111

137 294 264 401 agitur
282 294 327 372 de
343 293 571 398 temporibus
597 319 691 398 quae
718 293 805 374 inde
832 321 856 373 a
882 294 1124 374 schismatum
1149 295 1256 374 inva-

39 445 46 457 ·
135 421 242 500 sione
267 419 543 524 profluxerunt,
576 419 819 524 intelligimus
845 420 1101 502 Nestoricnos
1128 424 1167 500 et
1191 420 1256 500 Jo-

133 547 294 626 echites.

207 673 382 752 Jamvero
407 675 668 770 monumenta,
699 673 739 751 in
765 674 899 777 quibus
924 674 1111 754 Ecclesiae
1132 674 1254 756 crien-
1313 697 1481 748 comestio

135 798 232 879 tales
263 823 386 878 sacras
404 825 489 880 suas
507 801 790 880 consuetudines
817 827 860 880 ae
885 803 1103 883 traditiones
1130 827 1251 881 serva·
1264 764 1482 936 iidffiiitgiiffi

134 919 230 1004 runt
246 925 423 1028 nobisque
440 926 737 1022 transmiserunt,
756 931 839 1031 post
857 928 1083 1006 venerandas
1103 929 1253 1008 Veteris
1266 890 1324 938 Μ
1342 900 1420 938 “m

137 1041 291 1130 acNo'vi
304 1050 536 1128 Testamenti
549 1049 706 1146 tabulas,
724 1051 764 1128 in
777 1055 853 1130 tres
867 1052 979 1130 dividi
992 1055 1147 1155 possunt
1165 1051 1253 1131 clas·

137 1201 212 1256 scs.
245 1174 412 1265 Quarum
439 1175 561 1280 prima
587 1177 705 1254 libros
733 1179 940 1284 liturpicos
968 1177 1249 1282 complectitur,

136 1303 304 1400 omnium
318 1299 570 1406 gravimimos,
583 1303 857 1408 maximamque
875 1305 1134 1386 auctoritatem
1151 1331 1254 1410 prae
1326 1399 1329 1406 ‚

136 1427 352 1525 sefcrentes,
374 1432 502 1534 utpote
520 1431 583 1533 qui
610 1455 686 1510 non
704 1433 813 1512 unius
830 1435 896 1511 aut
913 1431 1065 1512 alterius
1084 1431 1255 1510 Doctoris
1341 1435 1345 1444 '

134 1553 337 1636 exhibeant
362 1554 597 1652 sententiam,
626 1557 691 1636 sed
717 1557 887 1663 integrae
914 1557 1077 1638 nationis
1105 1583 1171 1638 seu
1187 1556 1255 1638 Ec

136 1679 283 1776 sicsine,
306 1680 461 1784 perenni
489 1707 560 1761 usu
587 1707 649 1762 eos
678 1682 901 1762 adhibentis.
934 1682 1103 1765 Secunda
1129 1683 1255 1764 classis

135 1805 415 1911 comprehendit
439 1814 643 1886 canonicos
670 1809 810 1900 libret,
842 1808 907 1910 qui
944 1807 1143 1886 secundum
1170 1813 1256 1913 post

133 1930 329 2036 liturgicos
347 1931 490 2010 codices
508 1937 698 2012 merentur
715 1933 1020 2014 considerationis
1039 1933 1173 2012 locum.
1197 1934 1256 2012 Ad

133 2055 289 2136 tertiam
302 2057 459 2160 denique
477 2057 631 2136 classem
643 2059 831 2162 pertinent
842 2065 990 2166 eccepto
1003 2062 1256 2165 stupidorum

133 2184 349 2268 Doctorum
366 2184 446 2263 sire
464 2188 657 2264 auctorum
675 2185 739 2290 qui
765 2187 810 2266 de
827 2186 908 2264 iure
931 2186 1121 2283 canonico,
1147 2210 1253 2265 sacra

132 2308 335 2414 theologia,
358 2309 419 2388 vel
444 2309 692 2390 ecclesiastica
722 2311 880 2390 historia
908 2313 1150 2418 scripserunt.

208 2437 336 2515 Pauca
362 2435 408 2514 de
438 2436 572 2515 horum
606 2441 931 2518 monumentorum
956 2439 1158 2518 intrinseco
1184 2461 1252 2517 va·
1288 2475 1325 2522 oa
1340 2473 1477 2523 nanee

133 2559 215 2642 lore
242 2562 362 2665 quoad
385 2562 685 2666 Syrochaldaeos.
707 2565 811 2644 Libri
837 2566 964 2669 itaquo
990 2563 1156 2669 liturgici
1182 2561 1251 2643 nc·
1264 2537 1480 2661 1111111111111ιιΞι

134 2687 269 2767 clesiae
289 2687 606 2790 Syrochaldaioae‚
630 2689 719 2770 licet
743 2715 810 2794 per
835 2715 970 2770 manus
988 2691 1253 2771 Schismatico-

133 2839 222 2894 rum
248 2813 296 2892 ad
326 2838 395 2892 nos
420 2815 680 2920 pervenerint,
712 2817 931 2898 catholicam
957 2821 1084 2898 tamen
1110 2817 1188 2896 fere
1213 2816 1255 2894 in

134 2940 353 3020 universum
379 2940 518 3021 habent
552 2942 747 3048 originem.
786 2944 827 3024 ld
853 2947 978 3025 autem
1005 2947 1109 3050 patet
1134 2943 1255 3050 primo

135 3091 188 3146 ex
213 3090 269 3162 eo,
296 3067 405 3171 quod,
438 3072 480 3148 ut
505 3069 636 3175 peritis
664 3072 794 3152 notum
811 3075 880 3170 est,
907 3069 1106 3151 orientales
1125 3049 1265 3176 populi'

135 3193 384 3272 communiter
422 3194 657 3299 antiquitatis
692 3197 920 3276 tenacissimi
951 3197 1054 3291 sint,
1085 3219 1154 3276 nec
1180 3196 1256 3276 nisi

134 3341 386 3422 magnacum
412 3318 629 3399 difficultate
656 3320 839 3400 novitates
865 3322 1076 3400 admittant.
1117 3318 1256 3400 Dicen·
1332 3373 1336 3394 .

135 3445 225 3526 dum
250 3443 462 3550 igiturest,
495 3444 562 3524 hos
589 3445 724 3542 libros,
756 3447 821 3550 qui
848 3444 966 3524 divini
994 3444 1114 3524 cultus
1140 3445 1256 3526 ratio-

134 3596 224 3653 nem
250 3572 453 3670 continent,
477 3573 575 3678 apud
600 3572 683 3653 illos
700 3571 854 3679 populos
873 3577 958 3653 ante
978 3573 1141 3654 schisma
1157 3596 1255 3652 eom-

134 3697 279 3806 positos
305 3696 445 3795 fuisse,
478 3723 562 3778 cum
587 3699 691 3780 nulla
717 3699 970 3780 intercesserit
996 3723 1131 3795 causa,
1163 3723 1250 3795 cur,

132 3822 332 3930 prioribus
343 3824 447 3904 libris
465 3849 557 3929 quos
576 3829 663 3907 anto
682 3827 843 3906 schisma
859 3826 1072 3907 habuerant
1089 3823 1251 3927 rejectis,

132 3973 253 4030 novos
280 3951 502 4048 creaverint;
531 3952 696 4057 exceptis
723 3953 798 4032 illis
825 3952 1082 4032 additamentis
1099 3949 1161 4028 vel
1178 3973 1256 4029 mu·

133 4076 340 4156 tationibus
366 4077 440 4156 huc
466 4077 554 4158 illuc
576 4080 622 4158 ab
640 4080 688 4160 1is
701 4080 861 4161 inductis
879 4080 925 4159 ad
937 4077 1133 4158 fovendam
1151 4100 1256 4156 suam

135 4229 275 4290 novam
301 4203 500 4284 haeresim.
