3018 4672
301 87 366 158 126
707 112 878 158 concauam
894 112 1007 159 ornare

300 248 383 315 ego,
413 225 473 317 qui
497 226 619 293 honori
647 225 882 317 dignitatique
915 223 1203 315 patriarchalium
1233 223 1401 294 instituto·

300 357 389 418 rum,
412 356 557 425 quorum
580 333 743 425 pleraque
759 355 780 400 a
795 334 995 424 primordiis
1008 333 1220 403 christianae
1232 335 1403 424 religionis

301 443 449 510 etforte
474 443 623 510 etiams
650 441 861 532 temporibus
890 441 1090 531 apostolicis
1117 441 1286 531 originem
1317 464 1403 510 suan

301 547 455 629 ducunt,
481 548 713 639 quoquomodo
745 547 850 617 velim
881 547 1074 617 detrahere.
1108 546 1208 616 Certe
1238 549 1405 616 Romanus

301 654 463 722 Pontifex
479 677 547 723 non
563 654 712 743 indiget,
732 659 772 722 ut
796 653 918 744 spoliis
942 654 1226 722 Patriarcharum
1250 653 1402 722 ditescat.

368 760 474 829 Sacer
495 761 671 830 enimvero
695 760 963 828 Patriarchatus
993 758 1200 844 Orientalis,
1227 759 1288 852 qui
1312 760 1406 828 decus

301 890 370 936 uon
393 891 539 957 parvum
554 867 732 938 Ecclesiae
749 869 894 951 confert,
914 867 1041 935 multoe
1056 868 1210 956 profecto
1227 868 1268 934 ob
1290 867 1407 935 titulos

302 976 452 1044 omnium
475 975 753 1044 Christianorum
777 975 998 1044 veneratione
1030 975 1158 1064 dignus
1188 980 1260 1058 est,
1295 981 1408 1064 utpote

301 1083 361 1176 qui
385 1083 426 1151 do
450 1083 644 1152 christiana
667 1081 837 1172 religione
852 1082 889 1150 in
906 1081 1034 1150 nostris
1054 1082 1213 1171 partibus
1236 1087 1410 1171 tantopere

301 1191 439 1274 meruit,
455 1213 533 1258 oum
549 1189 700 1278 ejusdam
718 1190 977 1258 conservationi
989 1189 1082 1258 inter
1093 1197 1147 1258 tot
1159 1211 1198 1258 ac
1210 1194 1311 1258 tanta
1325 1189 1411 1256 mala

302 1318 388 1387 quae
401 1318 474 1364 eam
490 1297 641 1389 undique
656 1297 868 1382 afflixerunt,
883 1297 1029 1366 maxime
1045 1297 1247 1366 contribuit.
1267 1295 1306 1365 Si
1326 1297 1411 1366 enirn

302 1406 338 1471 in
358 1403 541 1474 Occidente
556 1404 712 1474 Ecclesia
727 1429 787 1495 per
804 1405 1025 1495 magnificum
1042 1405 1289 1474 Cardinalatus
1304 1403 1412 1496 splen·

302 1514 415 1581 dorem
438 1519 595 1596 ornatur,
613 1513 650 1580 in
668 1513 807 1582 Oriente
824 1536 884 1603 per
900 1534 1044 1602 gravem
1060 1512 1330 1582 Patriarchatus
1349 1534 1413 1578 ma·

299 1619 462 1709 jestatem
490 1621 746 1690 corroboratur.
771 1621 878 1688 Immo
896 1620 1074 1690 institutio
1086 1621 1336 1710 patriarchalis
1347 1627 1414 1690 tam

302 1726 372 1795 alte
387 1706 558 1796 mentibus
582 1727 858 1796 Christianorum
876 1726 1100 1796 orientalium
1123 1727 1232 1795 infixa
1254 1736 1323 1812 eet,
1341 1750 1414 1796 con·

301 1835 610 1925 suetudinibusque
633 1857 750 1902 eorum
772 1841 843 1902 tam
856 1840 951 1903 arcte
967 1857 1027 1924 per
1043 1839 1096 1902 tot
1111 1834 1228 1904 secula
1244 1835 1412 1921 inhaeret,

302 1947 343 2008 ut
365 1941 392 2008 ii
415 1947 528 2010 mente
558 1941 734 2031 percipere
757 1947 930 2032 nequeant
952 1939 1143 2009 Ecclesiam
1173 1941 1414 2029 patriarchatu

302 2048 521 2117 destitutam.

367 2157 441 2225 Hoc
465 2181 541 2225 curu
565 2156 692 2245 optime
714 2155 895 2224 novissent
917 2156 1065 2224 Romani
1088 2157 1280 2246 pontifices,
1309 2158 1414 2227 orien-

302 2266 393 2334 tales
415 2264 677 2354 patriarchatus
708 2266 869 2356 antiquos
901 2265 1044 2354 speciali
1067 2258 1194 2333 honore
1217 2272 1252 2334 et
1274 2289 1415 2336 venera-

301 2375 395 2442 tione
418 2373 581 2464 prosequi
604 2395 779 2464 nunquam
797 2373 1010 2442 destiterunt
1024 2397 1031 2460 ;
1051 2395 1157 2442 novos
1172 2379 1288 2442 autem
1304 2397 1347 2442 ex
1363 2398 1417 2442 an·

300 2483 476 2572 tiquorum
501 2479 675 2549 cineribus
698 2486 847 2564 exortos,
867 2479 923 2549 vel
940 2465 1001 2570 per
1016 2481 1210 2548 eorumdem
1234 2471 1416 2572 quamdam

301 2589 502 2658 filiationem
527 2589 704 2672 formatos,
722 2611 790 2655 non
806 2589 916 2656 solum
940 2587 1127 2656 uoluerunt
1142 2589 1340 2678 reprobare,
1360 2590 1416 2657 sed

301 2695 490 2786 apostolica
512 2695 721 2764 auctoritate
744 2717 805 2785 per
820 2717 943 2764 novam
960 2717 1001 2764 ac
1016 2695 1201 2764 radicalem
1222 2695 1416 2766 institutio-

302 2825 379 2871 nem
392 2803 604 2886 coufirmare,
625 2803 700 2870 suis
717 2803 921 2893 quibusdam
938 2802 1076 2870 dotibus
1088 2824 1128 2870 ac
1144 2802 1347 2892 privilegiis
1364 2828 1418 2872 eos

301 2910 375 2978 frui
390 2911 602 2999 permittere,
622 2911 791 2999 peculiari
809 2910 909 2979 Sedis
923 2910 1144 3000 Apostolicae
1168 2911 1301 2995 favore,
1318 2913 1417 2980 hene-

302 3017 455 3086 volentia
471 3023 506 3086 et
522 3018 668 3109 quadarn
686 3018 908 3087 observantia
925 3039 981 3086 eos
996 3025 1187 3107 protegere,
1203 3017 1416 3088 sollicitudi-

301 3149 381 3212 nes,
409 3147 531 3210 curas,
557 3125 710 3210 labores,
737 3125 1033 3215 splendidissimos
1061 3131 1238 3215 sumptus,
1264 3126 1418 3216 regalem

301 3233 572 3302 munificentiam
595 3233 640 3300 iis
663 3233 811 3322 elargiri
828 3233 1086 3322 omnitempore
1110 3233 1256 3323 benigne
1279 3234 1420 3324 dignati

302 3349 395 3411 sunt.
408 3343 513 3418 ,Unde
538 3343 568 3410 si
592 3341 767 3410 aetatibus
782 3341 954 3410 anteactis
969 3363 1090 3410 nomen
1104 3341 1277 3409 Romanae
1300 3340 1419 3410 Eccle·
1443 3335 1446 3342 ’

302 3451 373 3521 siae
396 3451 433 3518 in
456 3455 651 3519 nostrorum
674 3449 845 3538 Majorum
877 3449 1038 3517 cordibus
1064 3449 1200 3537 magica
1223 3448 1322 3540 quasi
1347 3448 1418 3516 vir·

301 3564 377 3626 tute
399 3557 553 3626 divinam
578 3557 759 3648 quamdam
785 3556 962 3624 excitabat
985 3556 1263 3642 exsultationem,
1289 3563 1418 3646 quanto

301 3664 414 3752 magis
438 3663 614 3733 hodiernis
645 3665 884 3733 Orientalibus
916 3665 979 3734 hoo
1012 3669 1269 3733 sacrosanctum
1295 3686 1418 3731 nomen

301 3771 401 3839 debet
423 3793 495 3840 esse
517 3794 646 3857 carum,
665 3772 865 3862 gloriosum,
886 3772 1131 3856 venerandum,
1151 3770 1242 3839 omni
1257 3770 1361 3838 laude
1383 3777 1418 3839 et

300 3877 496 3967 gratiarum
520 3879 655 3949 actione
678 3880 841 3970 dignum!

366 3985 448 4054 Ohl
487 3987 645 4076 Longum
684 3993 719 4056 et
757 3987 899 4056 difficile
937 3991 1030 4056 esset
1067 3985 1181 4054 omnia
1218 4006 1418 4054 enumerare

300 4093 401 4178 bona,
412 4113 499 4184 quae
523 4113 544 4160 a
567 4094 721 4162 Romana
737 4092 897 4164 Ecclesia
912 4095 955 4163 ad
971 4097 1110 4164 nostras
1126 4091 1417 4182 Syrochaldaicas
