3006 4672
418 170 550 212 saburro
575 171 841 214 uranicunrsruu
1143 149 1186 215 67

57 301 271 371 quamquam
296 281 339 347 ab
363 303 478 349 eorum
506 282 741 350 communione
770 285 923 372 separati
947 285 1041 369 sint,
1073 308 1186 354 snam·

57 409 127 474 que
154 387 326 454 haeresim
350 387 435 455 totis
463 387 599 457 viribus
623 396 854 479 propugnant,
871 391 946 458 sine
971 391 1046 458 ulla
1069 399 1185 460 tamen

56 493 365 562 animadversione
389 494 590 583 hujusmodi
614 497 709 564 facta
733 498 877 582 referre,
896 522 964 566 non
981 523 1079 567 secus
1096 522 1136 567 ac
1155 501 1186 567 si

58 601 231 669 catholici
251 625 394 690 prorsus
417 610 534 670 essent
550 603 751 692 scriptores.
780 604 855 674 Hac
879 607 1015 675 ratione
1032 606 1184 676 Severus

57 708 219 776 hlucaffa
241 711 421 800 episcopus
440 709 595 798 jacobita
611 732 651 778 ea
667 719 802 796 namet,
822 735 908 803 quae
924 714 968 781 ad
985 715 1187 782 condemna-

57 845 193 912 tionem
210 844 367 914 Dioseori
387 851 547 935 spectant
577 827 661 954 (Π,
685 832 768 955 0).
788 848 847 916 Sic
866 849 1087 918 nestorianus
1103 849 1184 916 Am·

58 1003 123 1046 rus
147 978 319 1046 Matthaei
344 980 454 1046 refert
484 978 643 1046 Dioscori
674 980 988 1049 condemnationem
1012 1004 1033 1048 a
1056 983 1183 1067 Leone,

58 1086 451 1155 excommunicationem
476 1086 598 1155 Severi
614 1087 826 1156 Antiocheni
849 1111 870 1154 a
898 1089 1117 1177 Symmacho,
1147 1112 1188 1156 ea

60 1215 152 1285 qnae
176 1192 213 1260 in
229 1191 545 1260 Monotheletarnm
570 1216 674 1262 causa
690 1195 836 1262 Romani
852 1195 1032 1284 pontifices
1048 1219 1186 1285 gessere

67 1313 124 1433 (i,
156 1330 195 1437 i,
229 1329 293 1441 D,
325 1331 395 1476 p’
433 1329 490 1436 Υ,
521 1313 609 1502 P)-
653 1356 720 1424 Sed
751 1377 833 1444 prae
869 1357 1026 1425 omnibus
1057 1358 1186 1427 Barhc·

61 1512 202 1594 bracus,
231 1511 267 1576 in
288 1508 477 1598 jacobitica
500 1515 594 1577 secte
619 1509 768 1576 maxima
791 1508 925 1598 pollens
948 1511 1183 1595 auctoritate,

60 1618 305 1686 observatione
328 1619 458 1708 dignus
481 1624 553 1686 est:
579 1619 610 1686 is
634 1618 736 1702 enirn,
762 1639 910 1684 narrans
935 1639 975 1684 ea
998 1619 1186 1710 exquibus

60 1729 98 1794 in
118 1727 261 1795 concilii
273 1726 563 1796 Chalcedonensis
580 1726 809 1793 celebratione
821 1725 1001 1794 Ecclesiae
1013 1728 1186 1796 Romanae

60 1838 160 1904 dotes
183 1837 411 1925 praefulsere,
426 1859 468 1904 ne
485 1836 590 1904 verbo
607 1835 744 1926 quidem
768 1857 808 1902 ea
831 1843 943 1920 notat,
960 1837 1186 1904 acutissimus

62 1971 264 2062 ceteroquin
288 1973 356 2038 imo
379 1970 660 2038 mordacissimus
684 1970 834 2059 scriptor
865 1954 950 2085 (Π,
973 1956 1062 2081 ῃ).

128 2106 356 2195 Nequaquam
379 2105 493 2194 igitur
516 2105 693 2189 miremur,
714 2105 805 2196 quod
829 2128 907 2175 cum
931 2107 1044 2174 nostri
1060 2106 1183 2176 Nesto-

61 2213 157 2281 riaui
179 2218 216 2281 et
238 2213 418 2283 Jacobitae
442 2213 692 2302 posterioribus
715 2213 843 2281 seculis
867 2214 911 2281 ad
936 2215 1050 2282 sinum
1067 2214 1183 2284 Eccle-

62 2322 135 2389 siae
160 2320 352 2390 oatholicae
376 2342 396 2386 a
420 2321 543 2388 divina
573 2319 692 2409 gretia
723 2326 957 2406 vocarentur,
989 2323 1018 2390 si
1047 2323 1188 2413 quidem¹

63 2429 218 2520 aliquam
249 2428 490 2496 difficultatem
523 2427 635 2518 quoad
666 2427 768 2496 fidem
801 2431 837 2495 in
868 2429 1037 2496 nonnulla
1068 2431 1185 2519 capita

64 2557 151 2627 quae
178 2536 451 2604 incarnationem
480 2533 615 2602 Christi
649 2535 862 2623 respiciunt,
889 2536 1046 2604 invenire
1075 2537 1184 2604 credi·

64 2643 210 2729 derunt,
236 2643 370 2710 nullam
394 2649 485 2711 certe
508 2642 607 2710 litem
630 2642 796 2727 movisse,
823 2643 1024 2733 nullamque
1039 2643 1184 2712 difficul-

64 2757 171 2820 tatem
193 2751 371 2821 ‘invenisse
393 2756 587 2819 noscuntur
604 2773 680 2818 oum
696 2755 812 2818 actum
829 2758 883 2818 est
898 2749 939 2818 de
958 2751 1185 2820 admittendis

64 2863 240 2929 Romanae
262 2859 439 2928 Ecclesiae
467 2858 737 2948 praerogativis.

130 2969 228 3038 Adeo
252 2973 368 3036 autem
392 2967 694 3036 schismaticorum
710 2973 907 3035 nostrornm
924 2967 1097 3036 mentibus
1114 2967 1185 3036 alte

66 3100 199 3168 semper
223 3078 330 3144 lixum
354 3080 441 3160 erat,
456 3076 628 3142 Romanos
649 3075 827 3164 praesules
843 3073 1031 3164 primatum
1048 3095 1184 3165 quemn

66 3187 106 3253 B.
124 3187 230 3253 Petro
252 3184 447 3253 hereditate
471 3183 681 3266 habuerunt,
700 3205 768 3249 non
797 3182 966 3265 amisisse,
987 3188 1027 3249 ut
1048 3181 1085 3249 in
1110 3181 1184 3269 ipso

67 3318 132 3363 sec.
150 3293 215 3378 XI,
235 3315 310 3361 cum
327 3291 535 3360 Benattibus
554 3290 785 3360 Nestorianus
803 3313 903 3358 suum
912 3290 1183 3358 Nomocanonem

69 3402 300 3484 concinnaret,
325 3423 392 3467 non
421 3399 640 3468 dubitaverit
670 3395 850 3490 sequentia
875 3398 980 3466 verba
1000 3396 1183 3465 admodum

68 3506 301 3576 memorabilia
324 3529 365 3574 ex
383 3528 444 3574 suo
460 3512 571 3573 marte
584 3505 738 3594 proferre
750 3503 812 3589 (l):
834 3503 1090 3595 «Patriarchae
1106 3502 1183 3571 Cte-
1218 3499 1303 3613 Ἦ

71 3641 85 3676 s
104 3614 276 3704 siphontis
292 3611 465 3680 ordinatio
480 3612 523 3680 fit
535 3633 556 3678 a
568 3614 746 3702 (qssatuor)
757 3609 977 3678 Patriarcbis
994 3631 1054 3699 ope
1071 3611 1183 3700 ipsius

71 3750 85 3785 n
103 3721 400 3812 metropolitarum
412 3742 453 3788 ac
466 3719 714 3808 episcoporum,
723 3716 830 3805 juxta
846 3717 884 3784 id
899 3716 989 3809 quod
1006 3717 1110 3786 iidem
1126 3720 1182 3788 de·

73 3831 329 3898 nolaraverunt
352 3831 405 3912 (in
424 3829 617 3916 suppositio
633 3825 777 3914 epistola
794 3826 836 3891 ab
854 3827 940 3913 ipsis
957 3823 1003 3892 od
1021 3840 1182 3916 metropo-

73 3965 87 3999 n
105 3940 251 4004 lisanam
267 3936 506 4005 seleuciensem
523 3935 639 4016 missa,
651 3957 720 4024 qua
737 3956 809 3998 eum
829 3930 991 4000 dicantar
1006 3933 1052 3999 ad
1066 3931 1181 4024 dipsi-

139 4169 180 4244 (1)
192 4173 259 4228 dod.
274 4174 379 4226 XXIX.
396 4189 461 4241 pag.
480 4173 540 4226 150.
