3018 4672
550 145 713 193 arranem
729 147 766 192 11.
1148 125 1212 198 119

94 242 202 337 «psall
227 247 337 351 gutli
361 249 422 336 gis
445 245 563 337 canali
587 283 648 328 seu
673 261 882 348 Profliqctio
900 261 1030 349 Synodi
1045 279 1214 331 contuma-

95 369 158 447 cis,
184 388 272 454 opus
296 387 376 434 sane
400 375 478 456 post
505 367 712 438 revisicnem
736 375 771 436 et
794 370 1037 439 correctionem
1060 372 1138 441 luce
1162 373 1212 441 di-

94 496 219 562 gnum,
238 473 359 564 inquo
383 475 576 544 catholicus
599 477 739 568 quidam
766 478 924 546 sacerdos
951 479 1128 564 Melchita,
1155 473 1212 547 no*-

93 581 190 648 mine
201 570 276 668 ,alp
301 611 345 666 pn
361 575 397 644 at
413 599 476 662 aaa
499 584 655 651 Abdalla
671 584 813 669 chter,
831 587 892 676 qui
909 587 1023 655 seculo
1040 589 1211 678 superiori

91 688 132 754 in
159 689 245 755 urbe
267 689 372 778 Alepi
404 692 563 760 doctrina
593 715 633 761 ac
658 693 787 783 pictate
810 694 951 779 floruit,
978 703 1099 764 contra
1131 720 1213 764 suae

93 797 216 884 gentis
240 795 486 886 schismaticos
517 800 557 868 de
588 803 740 891 primatu
772 809 806 870 et
833 804 1090 892 praerogativis
1117 805 1214 872 Petri

92 902 248 991 apostoli
263 905 559 998 Romanorumque
582 909 785 998 pontificum
809 933 851 977 ex
873 911 1031 999 professo
1054 913 1131 1000 agit
1148 912 1210 999 (1).

91 1010 197 1080 Inter
220 1014 473 1104 manuscriptos
496 1017 600 1084 etiam
623 1017 731 1086 libros
755 1042 772 1085 e
795 1017 909 1086 latina
933 1019 1057 1108 lingua
1080 1021 1116 1108 in
1138 1043 1213 1088 ara·

91 1117 209 1186 bicam
235 1121 437 1205 translatos,
456 1124 628 1192 recenseri
643 1123 743 1193 debet
758 1125 907 1191 Joaaais
925 1125 963 1194 0.
979 1129 1129 1193 Feretrii
1144 1129 1213 1218 epi-

92 1229 194 1317 scopi
216 1229 450 1299 Pictaviensie
473 1235 647 1301 tractatus
670 1232 899 1322 theologicae,
918 1235 954 1302 in
979 1258 1045 1327 quo
1067 1236 1214 1304 Romani

92 1335 279 1406 Pontificis
295 1338 486 1406 infallibile
501 1340 754 1428 magisterium,
773 1365 978 1434 quamquam
1002 1345 1211 1428 summatim,

93 1442 187 1511 satis
210 1449 289 1533 apte
312 1444 511 1516 detenditur
534 1446 597 1532 (2).

164 1551 199 1619 4.
224 1550 417 1620 Fatendum
441 1559 556 1621 tamen
572 1560 637 1640 est,
653 1557 741 1626 hanc
757 1558 943 1627 veritatem
963 1558 1004 1626 de
1021 1581 1088 1652 qua
1103 1559 1213 1650 loqui·

93 1682 189 1744 mur,
208 1681 249 1728 ex
265 1683 304 1728 eo
328 1661 418 1752 quod
440 1662 556 1730 nullos
586 1664 643 1732 vel
666 1666 863 1734 rarissimos
891 1667 1018 1734 habeat
1045 1667 1135 1756 apud
1151 1689 1213 1734 nos

94 1767 331 1854 adversarios,
356 1792 424 1837 non
448 1793 521 1839 esse
543 1794 585 1840 ex
600 1771 646 1839 iis
664 1773 875 1841 veritatibus
899 1773 1105 1862 dogmaticis
1126 1796 1213 1863 quae

94 1875 206 1944 claris
221 1898 261 1946 ac
272 1879 440 1968 praecisis
456 1866 573 1948 verbis
596 1881 734 1970 populis
759 1882 889 1950 nostris
908 1881 1100 1948 familiares
1117 1888 1211 1950 sunt.

93 1981 240 2052 Etenim
255 1981 292 2051 in
309 1985 438 2054 scholis
454 1985 591 2078 quidem
607 1986 668 2054 ubi
684 1988 849 2057 iuventus
872 1987 1100 2056 humanarum
1123 1987 1212 2056 divi·
1258 2017 1259 2024 ¹

94 2113 289 2182 uarumque
303 2093 526 2161 scientiarum
536 2094 658 2182 primis
677 2095 855 2164 elementis
870 2096 1049 2182 educatur,
1068 2119 1213 2164 commu-

92 2199 191 2267 niter
206 2221 275 2266 non
292 2199 448 2268 traditur
460 2201 638 2289 pontificia
654 2201 894 2270 infallibilitas
914 2209 953 2270 ut
969 2203 1093 2292 dogma
1109 2226 1129 2269 a
1144 2203 1214 2292 pri-

93 2312 194 2376 matu
206 2305 421 2375 distinctum.
436 2307 510 2396 Ipsi
519 2307 623 2375 etiam
636 2309 728 2377 sacri
740 2331 923 2399 praecones
936 2309 1025 2378 hanc
1035 2309 1214 2377 materiam

93 2436 178 2484 raro
198 2413 382 2504 attingunt
397 2414 459 2503 (3).
477 2414 595 2506 Neque
619 2417 723 2484 facile
749 2417 840 2507 apud
863 2439 924 2484 nos
941 2416 997 2485 vel
1013 2416 1106 2484 inter
1122 2415 1214 2505 ipsos

95 2520 293 2590 sacerdotes
316 2521 472 2592 invenies
493 2522 644 2614 aliquem
660 2523 722 2614 qui
737 2523 803 2591 tibi
818 2523 999 2591 admodum
1016 2523 1122 2590 claris
1139 2545 1214 2592 ver-

95 2630 151 2699 bis
168 2631 343 2721 cxplicare
358 2631 470 2722 possit
493 2633 576 2724 quid
594 2633 643 2701 sit
660 2632 757 2722 toqui
775 2656 815 2698 ea
831 2630 1004 2713 cathedra,
1021 2631 1105 2723 quid
1122 2633 1213 2698 abeo«

169 2895 211 2970 (1)
232 2897 323 2965 Hujus
336 2912 391 2950 non
404 2895 599 2950 contemnendi
612 2897 705 2964 operis
718 2895 769 2949 duo
784 2900 900 2950 exstant
916 2897 1109 2963 manuscripta
1124 2911 1213 2949 exem-

96 2986 195 3054 plaria
213 2985 245 3037 in
263 2985 373 3050 insigni
392 2985 570 3038 Bibliotheca
588 2986 737 3052 Vaticana,
753 2985 868 3038 tertium
892 3001 999 3052 quoque
1024 2986 1054 3036 in
1073 2986 1215 3051 Borgiana

96 3073 221 3140 collegii
231 3075 339 3128 Urbani
355 3074 389 3126 de
400 3074 586 3144 Propaganda
598 3074 677 3128 Fide.
698 3076 816 3128 Interim
832 3091 887 3128 non
902 3079 985 3128 extra
998 3077 1085 3129 locum
1099 3075 1146 3128 hic
1159 3077 1215 3128 erit

97 3166 192 3217 obiter
210 3163 454 3232 animadvertere,
478 3181 547 3232 quae
566 3165 655 3218 inerit
672 3165 836 3218 Graecorum
860 3165 1065 3230 Melchitarum,
1087 3169 1214 3218 recenter

97 3269 158 3306 cum
173 3254 300 3307 Ecclesia
313 3255 439 3307 Romana
451 3256 603 3321 unitorum,
616 3256 758 3308 sententia
769 3257 842 3308 circa
853 3255 1043 3306 Romanorum
1054 3253 1214 3320 pontificum

97 3343 257 3396 infallibile
276 3343 480 3410 magisterium,
494 3348 522 3396 et
535 3344 668 3410 quomodo
687 3345 710 3394 ii
731 3346 830 3397 stricte
853 3343 1000 3396 tenuerint
1017 3342 1214 3394 infallibilita-

98 3435 155 3485 tem
175 3446 234 3484 eum
253 3431 377 3498 primatu
396 3436 453 3484 tam
473 3433 659 3486 necessarium
679 3433 782 3485 habere
796 3448 912 3498 nexum,
928 3436 959 3483 ut
972 3434 1082 3504 negata
1094 3445 1150 3482 una
1169 3446 1215 3482 ve·

100 3522 200 3588 ritate,
221 3522 312 3574 altera
329 3526 476 3574 censeatur
491 3523 573 3576 simul
585 3523 693 3587 negari,
709 3525 738 3572 et
751 3522 811 3575 vice
822 3537 915 3574 versa.
929 3520 1032 3572 Auctor
1045 3520 1119 3571 enim
1131 3520 1215 3586 hujus
1235 3563 1238 3576 ,

101 3611 197 3679 operis
216 3609 311 3663 eadem
330 3613 444 3678 prorsus
458 3611 568 3665 ratione
587 3627 642 3679 qua
655 3609 880 3664 contradiceres
893 3609 1092 3663 Schismaticos
1111 3609 1214 3676 prima-

102 3705 160 3754 tum
180 3701 301 3756 Romani
321 3701 624 3770 Pontificiesdefendit,
648 3700 777 3753 defendit
796 3705 824 3752 et
843 3701 903 3769 ejus
921 3700 1174 3754 infallibilitatem.
1211 3758 1213 3764 ¹

173 3787 214 3864 (2)
232 3791 323 3866 Hujus
343 3791 436 3859 operis
456 3793 667 3859 autographum,
690 3793 722 3842 ut
741 3789 865 3854 videtur,
888 3792 1034 3858 exemplar
1054 3793 1166 3856 prostat
1183 3791 1215 3840 ia

104 3879 174 3934 Occi.
188 3881 253 3934 Vct.
266 3883 353 3934 Aret.
364 3899 394 3934 a.
406 3887 468 3935 646.

174 3967 216 4044 (3)
234 3969 394 4024 Notandum
414 3977 466 4040 est,
487 3973 519 4024 in
539 3971 701 4036 regionibus
720 3971 828 4023 nostris
856 3972 1003 4024 conciones
1033 3985 1128 4022 sacras
1146 3983 1215 4020 com·

103 4060 225 4113 munitet·
244 4061 319 4114 circa
337 4057 539 4127 materiae,'ut
560 4059 659 4128 ajunt,
681 4061 801 4113 morales
829 4059 955 4126 vereari;
978 4058 1123 4113 rarissime
1142 4055 1216 4110 circa

103 4146 169 4203 idei
188 4147 328 4216 domata
351 4150 478 4218 exceptis
498 4148 677 4203 catecheticis
695 4137 941 4204 instructioitibus.
