3006 4672
566 157 608 201 nx
632 159 745 202 110111
1151 139 1194 207 37

69 263 117 332 lis
141 265 334 354 participes
364 274 477 335 eraut.
506 267 559 332 Ex
586 291 653 358 quo
677 290 760 337 vero
787 267 980 337 Concilium
1007 271 1194 341 Chalcedo-

70 394 176 439 nense
205 371 323 440 miseri
352 379 533 462 acceptare
555 381 758 458 renuerunt,
775 374 934 466 illudque
959 383 1000 445 ut
1015 377 1193 447 heterodo-

69 502 155 545 xum
176 481 299 547 insane
323 481 532 569 rejecerunt,
551 482 603 548 ita
629 489 670 548 ut
697 482 856 550 Ecclesia
875 484 1048 553 catholica
1071 509 1089 552 e
1114 487 1194 553 sinu

71 610 134 654 suo
159 611 217 656 eos
234 611 395 677 respuere
413 589 583 673 debuerit,
599 596 682 658 tunc
699 598 929 678 susceperunt
942 616 1074 661 novum
1100 594 1193 683 prin-

70 695 204 784 cipium
217 696 397 764 scissionis
408 703 443 764 et
455 695 643 764 divisionis
659 697 748 786 quod
765 697 834 786 ipsi
851 699 1098 785 conflaverant,
1117 725 1194 769 curn
1252 785 1254 792 Ι

70 803 318 893 antiquissimo
342 803 447 870 unius
475 825 655 892 supremae
682 806 907 873 auctoritatis
937 807 1107 896 principio
1134 809 1194 876 rni-

71 933 150 976 rum
174 911 213 976 in
239 911 377 977 modum
393 911 567 999 copulare.
583 912 638 978 Ex
663 933 733 978 una
749 913 839 978 enim
858 920 967 1000 parta,
988 937 1194 1004 quamquam

71 1022 149 1083 tota
176 1017 250 1084 fare
274 1017 473 1105 Aegyptus,
496 1017 718 1106 patriarchae
745 1018 985 1086 Alexandrino
1012 1020 1192 1107 subjecta,

70 1144 227 1189 necnon
254 1129 290 1190 at
312 1122 422 1188 omnis
449 1122 680 1191 Armenorum
707 1125 815 1207 natio,
847 1146 933 1214 quae
961 1132 997 1192 et
1027 1127 1105 1214 ipsa
1137 1151 1195 1216 pa-

70 1230 250 1298 triarchae
272 1230 490 1299 Antiocheno
523 1231 680 1318 subjecta
703 1238 799 1315 erat,
825 1233 965 1300 eandem
990 1257 1066 1300 cum
1091 1234 1195 1322 Syris

70 1337 248 1405 Jacobitis
263 1337 343 1406 fidei
362 1338 611 1406 confessionem
629 1338 870 1407 heterodoxam
888 1340 1002 1408 eodem
1021 1341 1094 1408 fere
1109 1347 1194 1408 tem·

73 1465 153 1532 pore
182 1443 335 1533 amplexi
351 1444 434 1531 sint;
455 1449 608 1513 attamen
632 1467 673 1512 ex
699 1445 754 1512 his
777 1445 892 1512 tribus
909 1446 1109 1514 nationibus
1130 1449 1195 1516 soi·

72 1551 156 1620 licet
177 1550 295 1639 Syrie,
309 1551 501 1640 Aegyptiis
524 1559 560 1620 et
586 1552 762 1634 Armenis,
780 1552 919 1620 eandem
944 1553 1045 1620 fidem
1069 1554 1195 1620 haben·

71 1661 181 1743 tibus,
210 1679 397 1749 numquam
420 1682 461 1727 ex
478 1657 542 1726 illo
569 1665 720 1750 tempore
745 1660 894 1727 conflata
917 1669 969 1730 est
991 1683 1061 1728 una
1076 1661 1194 1730 Eccle-

71 1770 134 1853 sia,
150 1791 215 1836 nec
240 1767 313 1834 ullo
336 1766 434 1835 modo
464 1767 588 1835 exinde
609 1767 701 1834 inter
728 1790 786 1833 eas
814 1767 1014 1836 intercessit
1031 1791 1099 1838 una
1115 1770 1195 1837 reli-

72 1877 172 1965 giosa
209 1882 314 1966 atque
345 1875 582 1943 ecclesiastica
619 1876 834 1958 communio,
868 1897 955 1964 quae
990 1884 1070 1944 ante
1105 1876 1195 1944 illud

71 1985 226 2052 schisma
249 1985 343 2051 inter
365 1983 447 2050 illas
470 1984 651 2071 regnabat,
678 1984 729 2050 ita
754 1989 794 2051 ut
817 1983 956 2050 nonnisi
980 1984 1194 2072 0011011Εο-

73 2089 202 2158 clesiae
223 2089 437 2159 universalis
461 2095 545 2158 tunc
576 2091 778 2158 formarent.
797 2091 885 2159 Nam
909 2114 950 2158 ex
975 2113 1041 2181 quo
1065 2091 1103 2156 hi
1125 2091 1196 2158 llo—

72 2196 287 2287 nophysitae
311 2199 354 2264 ab
379 2197 537 2267 Ecclesia
561 2197 734 2266 catholica
762 2197 915 2285 separati
936 2205 1031 2282 sunt,
1050 2199 1195 2265 Armeni

73 2304 214 2396 quidem
238 2327 365 2372 novum
389 2305 668 2394 patriarchatum
693 2305 760 2372 sibi
794 2310 973 2388 creantes,
1008 2304 1143 2372 omnino
1174 2327 1195 2370 a

72 2411 180 2499 Syrie
203 2417 240 2480 et
260 2413 453 2502 Aegyptiis
477 2436 512 2481 se
536 2413 739 2502 sejunxere;
766 2412 866 2478 immo
891 2435 932 2479 ex
957 2411 1019 2480 illo
1044 2418 1196 2501 ternpore

72 2541 222 2608 magnae
247 2520 402 2608 profecto
426 2519 680 2611 acerrimaeque
704 2519 962 2587 controversiae
993 2525 1097 2609 atque
1126 2519 1195 2587 dis-

73 2627 215 2695 cordiae
240 2627 437 2696 interillos
461 2633 497 2696 et
520 2627 582 2695 hos
605 2649 666 2716 per
689 2627 794 2716 plura
818 2626 958 2695 saecula
986 2633 1193 2714 regnarunt.

72 2733 174 2802 Inter
200 2733 311 2822 Syros
334 2740 449 2802 autem
473 2741 508 2802 et
530 2735 729 2822 Aegyptios
760 2734 960 2821 interrupta
984 2733 1097 2818 estin
1122 2756 1194 2822 per-

71 2845 219 2930 petuum
244 2841 353 2908 omnis
376 2841 614 2910 ecclesiastica
630 2842 834 2925 communio,
855 2863 942 2931 quae
967 2862 1070 2908 unam
1086 2839 1195 2920 exdi-

73 2949 191 3016 versis
203 2947 341 3037 populis
354 2954 389 3017 et
400 2938 601 3017 nationibus
619 2951 746 3016 format
761 2948 966 3035 Ecclesiam;
985 2948 1195 3037 evanuitqm

71 3055 246 3123 salutaris
268 3053 333 3124 illa
357 3055 440 3122 unio
468 3077 555 3146 quae
585 3060 688 3122 antea
717 3055 780 3122 has
811 3056 898 3123 duas
929 3055 1086 3122 nationes
1119 3076 1195 3122 con-

67 3165 254 3252 junxerat,
279 3185 423 3254 cumque
450 3161 610 3230 Ecclesia
637 3162 815 3245 Romana,
845 3161 995 3230 unitatis
1019 3165 1137 3229 centro
1160 3167 1196 3227 et

70 3269 301 3340 auctoritatis
325 3269 460 3357 origine
484 3269 624 3338 fortiter
649 3269 885 3358 obligaverat,
912 3268 963 3335 ita
987 3274 1027 3336 ut
1053 3266 1115 3335 illo
1140 3269 1196 3334 fe-

70 3376 244 3446 licissimo
267 3383 420 3465 tempore
445 3399 521 3442 cum
546 3376 637 3443 omni
654 3376 805 3444 veritate
822 3374 971 3462 Syriaca
984 3373 1143 3441 Ecclesia
1159 3374 1195 3439 in

71 3507 137 3552 suo
164 3483 285 3552 divino
316 3483 414 3550 cultu
439 3503 560 3551 canere
591 3488 707 3572 posset
730 3482 803 3568 (1):
834 3506 849 3544 a
874 3481 966 3548 Crux
998 3480 1084 3548 Filii
1108 3481 1192 3567 Dei,
1227 3485 1406 3563 ssuaa

73 3619 88 3655 n
110 3612 215 3682 quarn
240 3590 504 3659 abscondiderat
521 3591 670 3680 populus
685 3612 832 3678 nequem
848 3589 872 3654 J
873 3589 1060 3656 udaeorum
1077 3589 1195 3677 ingra-

73 3727 89 3762 »
111 3705 240 3784 torum,
259 3698 362 3768 hodie
377 3699 544 3789 apparuit
559 3699 597 3766 in
614 3703 687 3766 toto
703 3702 879 3765 terrarum
897 3697 988 3781 orbe,
1008 3702 1196 3788 sanctaque

73 3835 88 3870 e
111 3807 274 3876 Ecclesia
297 3807 451 3895 gestiens
475 3805 532 3874 illi
555 3805 694 3874 obviam
717 3804 798 3888 ivit,
812 3825 954 3895 eamque
970 3805 1196 3895 obsequenter

74 3915 289 3984 nadoravit.
315 3913 548 4002 Jerosolyma,
567 3934 654 4006 quae
678 3911 769 3980 Eum
797 3912 985 3995 crucifixit,
1016 3912 1196 3980 destructa

145 4149 190 4228 (1)
209 4155 283 4208 01110.
300 4151 457 4204 1111011111
477 4151 526 4203 VI.
547 4149 617 4202 edit.
638 4149 718 4203 Rom.
734 4146 872 4201 11111853,
889 4162 951 4211 pag.
966 4144 1029 4196 368.
