3006 4672
239 163 290 212 111
685 163 921 212 raomsoms

239 277 487 374 traditionem,
511 280 558 358 ab
582 277 648 358 illa
673 285 784 384 gente
802 281 939 360 intacta
956 279 1191 360 custoditam.
1214 279 1357 357 Verum

240 399 437 502 enimvero,
460 429 544 484 oum
562 429 654 509 gens
673 406 957 510 Syrochaldaioa
970 406 1053 510 jam
1071 432 1094 485 a
1110 403 1241 510 primis
1259 408 1358 486 tem-

240 532 407 636 poribus,
440 534 484 608 ut
510 557 622 636 supra
647 533 881 629 notavimus,
912 533 952 610 in
978 535 1137 637 quatuor
1163 534 1282 612 sectas
1309 534 1358 612 ab

241 658 400 738 invicem
430 683 580 763 prorsus
607 663 798 764 separatas
827 685 867 738 se
893 659 1087 756 diviserit,
1119 683 1188 738 nos
1214 659 1254 738 in
1285 659 1360 738 hu-

237 784 402 888 jusmodi
427 785 727 891 investigatione,
754 785 903 865 nonnisi
929 787 1085 864 duarum
1103 811 1150 865 ex
1165 785 1225 864 his
1245 785 1358 864 sectis

241 914 482 992 monumenta
505 910 825 1016 perlustrabimus,
857 909 1187 990 Nestoriaaorum
1204 911 1360 1015 inquam

244 1040 283 1116 et
307 1036 591 1127 Iamidarum,
620 1060 775 1140 quorum
806 1037 846 1116 hi
875 1036 1071 1140 Syrorum
1101 1037 1271 1133 nomine,
1301 1033 1361 1115 illi

254 1161 559 1254 Chaldaeorum,
592 1167 678 1268 post
702 1164 943 1244 recentiorem
969 1189 1054 1244 cum
1079 1162 1248 1244 Ecclesia
1277 1163 1361 1243 Pun-
1442 1156 1448 1166 ’

247 1315 359 1370 mana
376 1290 508 1369 initam
525 1289 712 1388 unionem,
736 1290 1015 1393 dignoscuntur.
1044 1291 1141 1369 Nam
1160 1289 1257 1395 quod
1275 1287 1359 1367 atti·

34 1415 167 1464 M⁰¹⁰¹²st²⁶
181 1429 233 1465 ¹²⁰²
246 1421 309 1497 net
335 1417 381 1495 ad
407 1417 625 1505 Melchilas,
641 1417 706 1522 qui
733 1417 802 1495 etsi
826 1416 935 1495 initio
962 1417 1108 1521 quidem
1134 1416 1204 1496 soli
1222 1441 1271 1494 ex
1287 1416 1361 1522 Sy·

19 1491 60 1527 sm
77 1479 128 1526 lius
153 1481 233 1528 artem

18 1493 475 1621 farisaica-,ochaldfflffl
500 1554 610 1646 gente
637 1541 827 1620 Ecclesiae
853 1541 1056 1621 catholicae
1083 1543 1181 1621 uniti
1209 1567 1361 1622 reman-

59 1617 73 1651 ,
223 1629 231 1640 .

17 1605 222 1717 ἓῗῑῦθὲποοω
245 1672 381 1764 serant,
401 1671 530 1771 postea
555 1675 680 1747 tamen
705 1667 844 1748 diluvio
867 1669 1077 1747 schismatis
1096 1669 1361 1748 Constantino-

249 1793 413 1898 politano
439 1793 603 1873 irruente
630 1799 668 1874 et
689 1794 762 1898 ipsi
789 1795 835 1873 ab
862 1793 925 1872 illo
943 1817 1027 1872 cum
1054 1794 1185 1898 ceteris
1212 1793 1360 1898 populis

244 1919 483 2000 orientalibus
497 1921 662 2025 absorpti
681 1923 778 2016 sunt,
798 1920 826 1997 ii
845 1920 987 2000 nullum
1009 1921 1185 2024 praebere
1203 1923 1361 2023 possunt

244 2045 502 2127 documentum
520 2071 612 2151 pure
631 2044 974 2149 Syrochaldaioum,
993 2050 1121 2151 utpote
1147 2045 1211 2150 qui
1230 2047 1313 2148 jam
1336 2071 1361 2124 a

243 2173 375 2276 priscis
388 2172 615 2276 temporibus
633 2169 840 2251 Ecclesiam
858 2171 1037 2252 Graecam
1049 2171 1361 2276 Constantinopo-

242 2295 409 2392 litenam,
427 2296 514 2373 lieet
540 2295 580 2372 in
605 2295 860 2399 patriarchatu
874 2296 1107 2375 Antiocheno
1134 2295 1354 2392 existerent,

243 2419 283 2498 in
309 2422 478 2500 omnibus
504 2421 621 2501 secuti
651 2425 785 2517 erant;
815 2421 1029 2527 nullumque
1060 2447 1126 2527 per
1151 2426 1209 2501 tot
1234 2419 1361 2501 secula

243 2545 418 2650 antiquae
437 2547 593 2652 originis
611 2547 811 2660 vestigium
830 2551 1072 2627 servaverunt
1088 2551 1235 2651 praeter
1247 2571 1361 2626 usum

243 2671 390 2777 linguae
418 2673 604 2776 Syriacae,
628 2697 740 2775 quam
766 2673 938 2780 deinceps
962 2673 1003 2752 in
1030 2673 1252 2770 Arabicam,
1284 2690 1362 2777 qua

243 2795 432 2902 hucusque
468 2799 578 2876 simul
604 2823 687 2877 cum
715 2800 856 2879 Graeca
882 2803 1061 2895 utuntur,
1094 2799 1358 2894 immutarunt3

243 2923 363 3002 itaut
388 2947 517 3002 eorum
542 2923 797 3004 testimonium
823 2925 974 3003 omnino
993 2925 1156 3004 Graecae
1173 2923 1362 3004 Ecclesiae

50 3073 232 3122 nasonicum
244 3049 456 3128 testimonio
484 3049 728 3153 aequivaleat.
759 3049 979 3130 Marouilac
1012 3061 1135 3129 autern
1163 3050 1222 3128 vel
1256 3047 1363 3128 nulla

18 3137 91 3185 nulla
115 3139 232 3196 prostant
546 3175 553 3190 .
981 3177 988 3192 ,

18 3198 123 3260 propria
138 3211 232 3248 mona·
244 3177 406 3256 habuere
431 3201 580 3281 propria
605 3179 859 3272 monumenta3
880 3177 940 3256 vel
959 3203 991 3255 si
1012 3203 1085 3280 qua
1107 3177 1280 3272 habuere,
1312 3199 1362 3254 ea

19 3263 113 3311 mm
244 3304 407 3383 maxima
442 3329 489 3382 ex
520 3307 626 3407 parte
661 3301 836 3406 temporis
862 3301 1002 3404 injuria
1027 3303 1180 3406 periisse
1206 3301 1363 3380 dicenda

245 3433 355 3525 sunt3
385 3453 472 3506 nam
499 3452 592 3530 quae
620 3429 717 3532 apud
743 3425 842 3530 ipsos
869 3431 1089 3531 supersunt,
1122 3427 1251 3506 eadem
1280 3425 1360 3505 lere

193 3581 198 3590 ¹
246 3555 482 3658 ejusdemque
494 3553 632 3632 valoris
651 3557 738 3632 sunt
757 3577 800 3631 ao
814 3577 908 3656 quae
925 3555 950 3632 J
951 3553 1176 3632 acobitarum
1193 3549 1362 3631 Ecclesia

245 3679 467 3785 suppeditat.
497 3677 540 3756 ln
562 3681 641 3757 tota
667 3679 782 3783 igitur
799 3681 869 3760 hac
894 3678 1115 3758 tractatione
1141 3704 1208 3784 per
1233 3677 1362 3758 Eccle-

245 3806 339 3886 siam
359 3804 419 3884 vel
444 3806 592 3908 gentem
620 3805 993 3906 Syrochalolaicam,
1024 3830 1109 3882 cum
1139 3828 1262 3882 sermo
1300 3806 1362 3881 est

245 3931 291 4010 de
317 3930 545 4033 temporibus
563 3927 763 4008 schismata
779 3931 1094 4034 praecedentibus,
1117 3927 1361 4033 intehigimus

243 4059 361 4136 totam
399 4055 587 4134 nationem
622 4079 686 4134 seu
717 4055 945 4154 Ecclesiam,
983 4057 1111 4159 lingua
1146 4055 1361 4133 Aramm‘ca

245 4185 437 4278 utentem,
468 4205 544 4260 non
572 4180 691 4260 adhuc
720 4181 761 4260 in
790 4187 909 4264 sectas
940 4181 1124 4278 divisam3
1153 4203 1239 4260 cum
1269 4203 1360 4258 vero
