3018 4672
476 565 766 656 APPENDIX
799 570 833 657 1.

185 851 237 917 De
260 851 388 920 Summi
411 852 590 940 Pontificis
613 854 822 918 auctoritate
846 854 966 919 latita
989 858 1124 922 ratione

257 958 562 1026 Patriurclratuum
590 957 853 1043 Chaldaeorum,
878 960 1051 1048 Syrorum,

451 1081 554 1158 utque
584 1065 851 1135 Maronitarum.

160 1345 270 1413 Istam
293 1351 396 1415 nacto
419 1347 643 1429 occasionem,
661 1346 767 1415 liceat
789 1347 876 1416 mihi
898 1347 945 1416 iis
960 1369 1048 1439 quae
1063 1348 1105 1418 de
1121 1349 1209 1418 anti·

92 1451 264 1542 quissima
286 1452 351 1522 hac
374 1453 587 1544 quaestione,
607 1475 694 1545 quae
717 1453 850 1522 nostris
872 1453 993 1522 diebus
1015 1476 1140 1524 novam
1155 1477 1210 1525 ae·

92 1557 246 1649 quisivit
256 1558 481 1647 gravitatem,
492 1580 599 1648 supra
614 1558 762 1648 sparsim
778 1558 865 1643 dixi,
876 1561 1055 1651 sequentia
1070 1561 1207 1651 addere.

160 1667 222 1751 Et,
239 1672 279 1735 ut
294 1668 339 1736 ed
355 1689 426 1735 rem
448 1667 523 1736 sine
546 1689 641 1736 mora
663 1668 811 1753 veniam,
829 1691 871 1737 ex
888 1669 1047 1738 omnibus
1063 1669 1107 1739 iis
1124 1691 1212 1763 quas

91 1799 202 1866 supra
226 1775 378 1846 vidimus
401 1781 509 1864 patet,
527 1774 811 1845 Nestoriancrum
835 1775 1110 1865 patriarchatum
1133 1778 1209 1846 nul-

91 1882 164 1950 lam
180 1882 218 1948 in
228 1902 293 1948 sua
306 1881 531 1950 institutione
547 1880 741 1970 legitimam
754 1881 922 1970 originem
939 1881 1209 1952 ecclesiasticam

92 2011 195 2080 posse
211 1989 279 2058 sibi
293 1988 484 2073 vindicare,
498 2011 575 2058 eum
599 1990 669 2080 ipsi
684 1991 717 2059 N
719 1989 885 2058 estoriani
909 1991 1088 2060 fateantur
1103 2012 1125 2058 a
1140 2011 1209 2064 ma-

90 2097 232 2186 joribus
254 2097 328 2166 suis
344 2103 422 2187 post
437 2117 534 2166 suam
551 2098 595 2165 ab
609 2096 769 2166 Ecclesia
783 2096 1034 2186 separationem
1054 2097 1211 2188 episcopo

92 2204 310 2274 Selaucicnsi
338 2205 547 2294 dignitatem
562 2205 832 2296 patriarchalem
848 2205 988 2296 privata
999 2205 1210 2274 anctoritate

92 2312 212 2380 datam
227 2310 348 2380 fuisse.
366 2310 421 2378 Ex
445 2334 513 2403 quc
529 2312 708 2381 evidenter
730 2311 964 2404 consequitur,
979 2311 1210 2381 recentiorum

91 2419 448 2489 OHALDAEORUM
464 2419 753 2510 patriarchatum,
768 2419 1042 2509 Babyloncnscm
1057 2419 1209 2510 appella·

91 2533 180 2611 tum,
191 2549 292 2618 quem
307 2527 345 2596 hi
360 2527 441 2596 inde
453 2549 475 2595 a
486 2549 549 2596 sua
566 2551 643 2597 cum
651 2527 810 2598 Ecclesia
819 2528 974 2596 Romana
997 2527 1137 2612 unione,
1159 2551 1209 2597 se·

92 2635 172 2706 cale
183 2634 291 2704 XVII
308 2636 410 2721 inita,
425 2639 462 2704 in
477 2635 636 2706 Ecclesia
657 2634 830 2705 catholica
843 2634 910 2703 rite
926 2629 1209 2728 habent,i1cqua-¹

93 2765 197 2836 quam
220 2744 264 2811 ab
287 2743 349 2812 illo
371 2743 657 2814 Nestorianorum
680 2742 925 2833 patriarchatu
947 2743 1122 2831 derivari3
1153 2743 1216 2814 velx

92 2857 236 2943 propter
247 2851 360 2940 ipsius
371 2850 471 2920 tituli
483 2850 730 2936 differentiam,
742 2873 818 2920 cum
826 2851 1109 2922 Nestorianorum
1122 2874 1210 2922 sum-

92 2985 171 3030 mus
182 2959 330 3030 antistes
343 2960 514 3028 Seleuciae
528 2973 560 3027 et
573 2959 806 3048 Oresiptoruis
825 2967 887 3030 aut
898 2961 1049 3028 Orientis
1060 2960 1209 3051 patriar·

92 3069 160 3138 cha
182 3073 456 3158 nuncuparetur,
475 3089 661 3158 numquam
684 3090 766 3138 vere
782 3069 975 3158 Babylonis
990 3067 1138 3137 titulum
1155 3089 1214 3135 as·-

92 3175 294 3265 sumpserit.
311 3176 420 3246 Debet
434 3175 548 3266 igitur
564 3175 815 3246 Chaldaeorum
831 3175 1081 3245 catholicorum
1097 3197 1213 3244 nevus

92 3282 357 3375 patriarchatus
368 3285 412 3352 ab
424 3284 545 3354 altiori
556 3285 791 3376 sanctiorique
804 3283 940 3374 origine
951 3283 1074 3373 repeti,
1089 3305 1214 3372 nempe·

92 3393 138 3460 ab
160 3391 351 3481 apostolica
366 3391 601 3477 institutione,
619 3393 661 3460 cb
677 3413 805 3460 meram
821 3392 1051 3462 Romanorum
1071 3388 1209 3480 pontifi·

94 3522 172 3567 cnm
188 3498 226 3568 in
242 3497 434 3570 Chaldaeos
449 3507 606 3570 recenter
621 3521 805 3570 conversos
829 3498 1101 3568 benevolentiam
1116 3497 1210 3566 radi-

94 3605 220 3678 caliter
240 3608 347 3676 facta.
369 3607 455 3678 Cum
472 3607 590 3700 itaque
606 3607 867 3698 patriarchatus
882 3605 1211 3708 hicBabylonensis¹

93 3715 144 3783 sit
166 3720 379 3806 spontaneus
401 3723 437 3784 et
460 3715 682 3784 immediatus
704 3713 927 3806 Apostolieae
957 3714 1057 3783 Sedis
1088 3715 1208 3797 fetus,

94 3811 243 3914 speciale
266 3811 374 3914 hujus
409 3824 557 3894 Sanctae
585 3823 687 3894 Sedis
716 3823 854 3914 gratiae
888 3829 924 3891 et
954 3807 1209 3892 'sollicitudinis

93 3936 338 4021 argumentum
365 3927 446 4021 jure
481 3931 547 4000 sibi
579 3930 760 4002 vindicare
784 3930 908 4018 debet;
934 3929 1078 4022 ipsaque
1103 3917 1219 3999 Sedes

94 4037 299 4129 Apostolica
319 4037 395 4125 ¹heu,
408 4039 579 4130 peculiari
601 4029 716 4126 1;ἰιίιῑ,οΔ
731 4039 791 4128 jus
822 4037 928 4124 habet
950 4037 998 4118 iu¹
1010 4031 1134 4108 eodem
1149 4029 1218 4126 paz¹

94 4145 293 4216 triarchatn
315 4146 398 4215 illas
420 4147 606 4216 instituere
630 4145 927 4218 ordinatieueeac
950 4141 1206 4232 dispositiones,
