3006 4672
317 119 338 188 c
712 147 753 192 ou
777 147 872 193 carn.
899 146 1045 192 s.rura1

319 286 335 321 e
355 256 672 328 commemoratione
686 257 783 326 Petri
798 258 925 348 capitis
939 257 1199 348 Apostolorum,
1219 279 1324 347 super
1339 255 1429 346 cujus

319 365 456 435 elidem
474 363 831 455 firmavitfflbriscas)
851 365 1081 434 fundamenta
1104 372 1178 450 tua,
1206 371 1243 434 et
1265 388 1363 458 quem
1381 363 1429 432 sui

321 499 337 536 a
358 473 478 563 gregis
489 476 596 562 caput
611 471 807 558 constituit,
823 494 885 562 per
900 493 1002 562 quem
1013 475 1050 539 et
1065 469 1207 561 aperuit
1217 471 1285 539 tibi
1294 472 1429 560 januam

320 607 336 642 n
354 581 599 650 thesaurorum
622 601 775 665 sucrum,
789 586 825 650 et
840 578 933 649 filios
948 585 1029 648 tuos
1044 579 1145 650 donis
1160 579 1236 648 suis
1258 579 1399 650 ditavit.
1414 604 1427 639 e

317 689 474 781 Denique
497 689 548 758 sic
571 688 735 758 fiduciam
758 710 857 756 suam
887 688 925 756 in
948 689 1150 759 firmitatem
1177 689 1356 759 Ecclesiae
1377 709 1430 776 per

316 796 460 866 Petrum
482 795 667 885 profitetur
689 793 850 864 Ecclesia
872 793 1063 864 chaldaica
1085 796 1123 864 in
1152 797 1233 862 kalo
1248 796 1429 865 Defuncto-

243 900 286 969 Ε
316 925 395 972 rum
418 903 573 992 ejusdem
597 902 700 972 officii
722 901 785 990 (1):
809 901 915 972 uIste
937 908 1011 988 est,
1036 903 1112 988 ait,
1139 910 1283 974 sanctus
1306 903 1428 986 Simon,

318 1035 334 1072 n
354 1031 456 1100 super
467 1032 568 1102 quem
580 1013 815 1078 constructam
827 1013 863 1078 et
873 1008 1022 1078 firmiter
1037 1010 1221 1079 fundatam
1232 1010 1429 1094 Ecclesiam,

318 1143 334 1196 a
353 1139 468 1186 omnes
483 1139 583 1207 reges
599 1122 635 1185 et
650 1115 798 1206 tyranni
813 1139 881 1186 non
897 1123 1043 1206 possunt
1060 1117 1247 1186 debellare.
1264 1145 1280 1180 n

382 1224 509 1294 Adhuc
525 1224 735 1294 clarioribus
751 1223 1136 1315 vehementioribusque
1151 1225 1310 1315 loquitur
1323 1224 1432 1294 verbis

314 1331 476 1402 Ecclesia
500 1333 656 1420 Syriaca.
678 1330 819 1400 Etenim
839 1330 877 1398 in
893 1330 1013 1400 feriali
1028 1331 1167 1422 quidem
1189 1331 1388 1416 Breviario,
1401 1333 1432 1399 in

235 1451 281 1524 G
315 1439 425 1506 officio
440 1438 564 1506 Feriaa
579 1437 644 1507 VI.
659 1436 746 1506 hora
768 1435 800 1504 1.
814 1436 865 1524 (2)
889 1436 998 1504 cauit:
1010 1464 1037 1500 ¹c
1052 1437 1166 1528 Super
1189 1438 1362 1506 Simonem
1378 1438 1432 1505 Pe-

316 1571 332 1608 n
351 1551 445 1615 trum
461 1545 630 1614 Dominus
645 1549 764 1613 noster
779 1543 973 1614 Ecclesiam
989 1565 1088 1612 suam
1103 1544 1318 1630 aedificavit,
1333 1549 1369 1614 et
1384 1567 1433 1612 su·

316 1678 333 1715 n
351 1675 413 1742 per
430 1653 656 1744 septuaginta
671 1652 760 1720 duas
775 1651 952 1720 columnas
968 1672 1042 1719 eam
1059 1653 1246 1722 constituit
1258 1679 1276 1716 n
1298 1653 1362 1740 (3).
1391 1652 1433 1720 Et

313 1761 352 1828 in
375 1762 525 1831 secundo
547 1767 718 1830 nocturno
740 1759 866 1828 Furiae
889 1758 934 1827 V.
949 1759 1000 1846 (4)
1022 1759 1163 1830 inducit
1184 1760 1366 1830 Christum
1389 1760 1434 1828 sic

233 1871 287 1942 ΙΙ
313 1868 457 1937 Petrum
480 1869 726 1960 alloquentem:
760 1866 988 1936 «Ecclesiam
1011 1872 1167 1938 sanctem
1190 1890 1295 1957 super
1316 1874 1365 1952 tc,
1385 1867 1433 1936 Si-

315 1999 441 2062 nmon,
467 1977 668 2062 aedificabo,
694 1977 747 2044 ita
770 1982 811 2045 ut
834 1975 947 2044 Inferi
967 1995 1065 2046 serae
1086 1975 1181 2048 haud
1205 1974 1343 2064 possint
1364 1995 1433 2042 eam

314 2111 330 2146 n
349 2106 586 2174 expugnare.»
600 2085 650 2153 Et
662 2085 699 2152 in
711 2083 855 2152 horale
868 2083 1013 2152 Sabbati
1026 2083 1077 2171 (5)
1090 2081 1435 2152 induciturEcclesia

246 2205 277 2275 1
315 2191 368 2260 ita
390 2191 547 2283 loquens:
569 2191 713 2281 «Super
735 2190 840 2259 illam·
851 2191 991 2260 Petram
1006 2189 1161 2260 familiae
1178 2189 1330 2260 Simonis
1344 2191 1434 2281 prin·
1489 2245 1490 2274 ,

316 2323 333 2360 n
353 2298 442 2388 cipis
465 2299 714 2387 Apostolorum
737 2297 923 2368 aedificata
946 2321 1034 2382 sum,
1059 2304 1096 2368 et
1125 2298 1202 2368 ideo
1224 2321 1293 2366 non
1320 2299 1433 2383 timeo,

315 2405 478 2476 n'caciuit
488 2405 649 2476 Ecclesia
661 2406 791 2474 dicens.
806 2405 1036 2495 Impetierunt
1047 2428 1100 2472 me
1114 2404 1297 2474 fluctuset
1307 2405 1436 2494 procel·

315 2511 417 2597 elac,
442 2518 478 2581 et
500 2535 553 2582 mc
575 2533 793 2603 nequaquam
822 2517 1097 2598 commoverunt;
1130 2512 1357 2602 impugnavit
1387 2535 1436 2580 me
1490 2595 1491 2600 Ἰ

316 2643 332 2682 a
351 2619 537 2689 Nestorius
561 2621 612 2709 (6)
628 2619 849 2705 maledictus,
865 2626 901 2689 et
918 2619 1057 2689 ruinam
1073 2619 1256 2690 invenite
1490 2607 1491 2616 ’

382 2725 451 2794 'Iot
472 2732 589 2796 autem
612 2731 696 2796 sunt
717 2727 806 2812 loca,
832 2728 959 2819 quibus
975 2728 1092 2798 eadem
1106 2727 1242 2799 veritas
1257 2728 1295 2796 in
1311 2729 1435 2798 ceteris

314 2831 417 2900 libris
431 2831 610 2903 Ecclesiae
627 2834 796 2923 Syriacae
811 2835 992 2924 liturgicis
1014 2834 1250 2924 praedicatur,
1265 2840 1308 2904 ut
1329 2836 1369 2902 in
1391 2836 1435 2904 iis

315 2936 467 3010 citandis
490 2940 627 3011 animus
651 2940 796 3012 haereat
818 2942 910 3011 unde
933 2940 1170 3031 incipiendum
1192 2941 1252 3012 sit.
1268 2942 1312 3010 In
1327 2943 1435 3011 officio

388 3249 430 3325 (1)
447 3249 556 3305 Ibidem
575 3266 640 3318 pag.
655 3250 717 3303 389.

384 3338 427 3415 (2)
445 3343 525 3395 Edit.
541 3345 619 3395 Rom.
642 3339 711 3394 anni
732 3337 812 3393 1853.
832 3354 900 3406 pag.
914 3338 978 3392 363.

383 3427 425 3502 (3)
443 3433 547 3486 illrum
566 3434 619 3498 est,
634 3429 708 3498 quod
727 3431 759 3484 iu
777 3428 1187 3496 Syrochaldaeornm,scillcet
1205 3432 1262 3481 tum
1280 3429 1434 3484 chaldaeo·

313 3535 374 3574 rum
386 3523 446 3572 tum
458 3522 592 3586 Syrorum
610 3521 696 3574 libris
709 3519 866 3586 liturgicis,
879 3521 1044 3572 constanter
1057 3517 1189 3571 dIcantur
1198 3519 1343 3586 Discipuli
1353 3520 1434 3572 Chri-

314 3610 354 3662 sti
373 3625 434 3662 esse
446 3610 564 3677 LXXII,
580 3610 655 3663 sicut
673 3609 761 3662 habet
780 3608 1025 3674 vulgatahatina,
1042 3614 1341 3676 quamquamrecspta
1359 3609 1434 3675 apud

314 3698 400 3764 Syros
419 3699 524 3765 versio,
545 3697 621 3751 idest
639 3698 849 3763 Heracleensis,
865 3713 915 3750 nee
934 3712 991 3749 non
1010 3697 1109 3749 stilla
1128 3699 1328 3751 vetustissima
1343 3698 1432 3750 maxi-

313 3802 441 3854 mamque
454 3786 562 3848 habsns
578 3787 777 3842 auctcrItatem
797 3790 857 3839 tum
879 3787 954 3854 apud
975 3785 1132 3840 Chaldaeos
1152 3790 1212 3840 tum
1231 3787 1307 3854 apud
1330 3788 1430 3855 Syros,

313 3876 390 3930 idest
410 3877 552 3944 Peshitta,
574 3877 671 3930 lerant
688 3893 750 3930 cum
769 3877 873 3931 Graeco
892 3880 1004 3945 recepto
1023 3891 1170 3930 numerum
1188 3878 1276 3930 Lxx.

384 3963 426 4039 (4)
443 3966 552 4020 Ibidem
571 3983 636 4034 pag.
653 3966 716 4021 295.

384 4053 427 4129 (ὅ)
446 4055 555 4109 Ibidem
574 4073 640 4123 pag.
656 4057 720 4110 409.

384 4142 426 4215 (6)
445 4145 480 4199 In
499 4147 708 4201 vetustissimis
728 4147 940 4213 exemplaribus
967 4147 1092 4200 habetur
1116 4147 1201 4199 Arias
1219 4161 1271 4214 pro
1289 4145 1429 4200 Nestoric.
