<?xml version="1.0" encoding="UTF-8"?>
<!DOCTYPE html PUBLIC "-//W3C//DTD XHTML 1.0 Transitional//EN"
    "http://www.w3.org/TR/xhtml1/DTD/xhtml1-transitional.dtd">
<html xmlns="http://www.w3.org/1999/xhtml" xml:lang="en" lang="en">
 <head>
  <title>
</title>
<meta http-equiv="Content-Type" content="text/html;charset=utf-8" />
  <meta name='ocr-system' content='tesseract 3.04.00' />
  <meta name='ocr-capabilities' content='ocr_page ocr_carea ocr_par ocr_line ocrx_word'/>
</head>
<body>
  <div class='ocr_page' id='page_1' title='image "./antiquaecclesis00davigoog_0123.png"; bbox 0 0 3018 4672; ppageno 0'>
   <div class='ocr_carea' id='block_1_1' title="bbox 336 198 997 272">
    <p class='ocr_par' dir='ltr' id='par_1_1' title="bbox 336 198 997 272">
     <span class='ocr_line' id='line_1_1' title="bbox 336 198 997 272; baseline 0.008 -8"><span class='ocrx_word' id='word_1_1' title='bbox 336 198 402 265; x_wconf 88' lang='grc'><strong>100</strong></span> <span class='ocrx_word' id='word_1_2' title='bbox 792 223 957 267; x_wconf 76' lang='lat' dir='ltr'><strong>nrunuurx</strong></span> <span class='ocrx_word' id='word_1_3' title='bbox 973 226 997 272; x_wconf 92' lang='lat'><strong>1.</strong></span> 
     </span>
    </p>
   </div>
   <div class='ocr_carea' id='block_1_2' title="bbox 335 303 1501 646">
    <p class='ocr_par' dir='ltr' id='par_1_2' title="bbox 335 303 1501 646">
     <span class='ocr_line' id='line_1_2' title="bbox 335 303 1501 434; baseline 0.009 -32"><span class='ocrx_word' id='word_1_4' title='bbox 335 335 516 404; x_wconf 84' lang='lat' dir='ltr'>vissimum</span> <span class='ocrx_word' id='word_1_5' title='bbox 539 340 604 420; x_wconf 88' lang='lat' dir='ltr'><strong>est,</strong></span> <span class='ocrx_word' id='word_1_6' title='bbox 627 340 748 404; x_wconf 90' lang='lat' dir='ltr'><strong>contra</strong></span> <span class='ocrx_word' id='word_1_7' title='bbox 772 335 1075 406; x_wconf 87' lang='lat' dir='ltr'><strong>incontestabilem</strong></span> <span class='ocrx_word' id='word_1_8' title='bbox 1098 341 1183 409; x_wconf 88' lang='lat' dir='ltr'><strong>adeo</strong></span> <span class='ocrx_word' id='word_1_9' title='bbox 1206 347 1243 410; x_wconf 90' lang='lat' dir='ltr'><strong>et</strong></span> <span class='ocrx_word' id='word_1_10' title='bbox 1264 343 1448 434; x_wconf 86' lang='lat' dir='ltr'><strong>irrefraga-</strong></span> <span class='ocrx_word' id='word_1_11' title='bbox 1500 303 1501 306; x_wconf 8' lang='grc' dir='ltr'><strong>Ἴ</strong></span> 
     </span>
     <span class='ocr_line' id='line_1_3' title="bbox 335 442 1449 538; baseline 0.014 -28"><span class='ocrx_word' id='word_1_12' title='bbox 335 442 438 510; x_wconf 88' lang='lat' dir='ltr'><strong>bilem</strong></span> <span class='ocrx_word' id='word_1_13' title='bbox 468 444 714 512; x_wconf 87' lang='lat' dir='ltr'><strong>auctoritatem</strong></span> <span class='ocrx_word' id='word_1_14' title='bbox 742 446 976 515; x_wconf 87' lang='lat' dir='ltr'><strong>Romanorum</strong></span> <span class='ocrx_word' id='word_1_15' title='bbox 1003 449 1207 538; x_wconf 87' lang='lat' dir='ltr'><strong>pontificum</strong></span> <span class='ocrx_word' id='word_1_16' title='bbox 1233 451 1449 525; x_wconf 83' lang='lat' dir='ltr'>INNOGEN-</span> 
     </span>
     <span class='ocr_line' id='line_1_4' title="bbox 335 549 1450 646; baseline 0.013 -29"><span class='ocrx_word' id='word_1_17' title='bbox 335 549 404 618; x_wconf 83' lang='grc' dir='ltr'><strong>ΤΠ</strong></span> <span class='ocrx_word' id='word_1_18' title='bbox 425 550 495 619; x_wconf 91' lang='grc' dir='ltr'><strong>ΙΠ.</strong></span> <span class='ocrx_word' id='word_1_19' title='bbox 521 550 571 638; x_wconf 83' lang='grc'><strong>(1)</strong></span> <span class='ocrx_word' id='word_1_20' title='bbox 594 555 630 619; x_wconf 85' lang='lat' dir='ltr'><strong>et</strong></span> <span class='ocrx_word' id='word_1_21' title='bbox 651 551 853 623; x_wconf 81' lang='lat' dir='ltr'>EUGENII</span> <span class='ocrx_word' id='word_1_22' title='bbox 874 555 939 624; x_wconf 89' lang='lat' dir='ltr'><strong>IV.</strong></span> <span class='ocrx_word' id='word_1_23' title='bbox 966 553 1018 644; x_wconf 81' lang='lat'><strong>(2)</strong></span> <span class='ocrx_word' id='word_1_24' title='bbox 1043 557 1103 646; x_wconf 90' lang='lat' dir='ltr'><strong>qui</strong></span> <span class='ocrx_word' id='word_1_25' title='bbox 1126 557 1382 630; x_wconf 76' lang='lat' dir='ltr'>Maronitarum</span> <span class='ocrx_word' id='word_1_26' title='bbox 1403 586 1450 632; x_wconf 89' lang='lat' dir='ltr'><strong>re-</strong></span> 
     </span>
    </p>
   </div>
   <div class='ocr_carea' id='block_1_3' title="bbox 239 724 1503 1699">
    <p class='ocr_par' dir='ltr' id='par_1_3' title="bbox 239 724 1503 1699">
     <span class='ocr_line' id='line_1_5' title="bbox 338 724 1452 800; baseline 0.013 -26"><span class='ocrx_word' id='word_1_27' title='bbox 338 724 384 775; x_wconf 82' lang='lat' dir='ltr'><strong>Or.</strong></span> <span class='ocrx_word' id='word_1_28' title='bbox 400 731 420 775; x_wconf 77' lang='lat' dir='ltr'><strong>t.</strong></span> <span class='ocrx_word' id='word_1_29' title='bbox 436 727 461 776; x_wconf 81' lang='lat'><strong>2.</strong></span> <span class='ocrx_word' id='word_1_30' title='bbox 471 741 540 792; x_wconf 78' lang='lat' dir='ltr'><strong>pap.</strong></span> <span class='ocrx_word' id='word_1_31' title='bbox 555 729 600 778; x_wconf 82' lang='lat'><strong>23.</strong></span> <span class='ocrx_word' id='word_1_32' title='bbox 615 742 645 777; x_wconf 80' lang='lat' dir='ltr'><strong>a.</strong></span> <span class='ocrx_word' id='word_1_33' title='bbox 660 729 704 790; x_wconf 84' lang='lat'><strong>36,</strong></span> <span class='ocrx_word' id='word_1_34' title='bbox 719 742 778 780; x_wconf 92' lang='lat' dir='ltr'><strong>cum</strong></span> <span class='ocrx_word' id='word_1_35' title='bbox 791 728 864 782; x_wconf 92' lang='lat' dir='ltr'><strong>illud</strong></span> <span class='ocrx_word' id='word_1_36' title='bbox 885 729 983 784; x_wconf 84' lang='lat' dir='ltr'><strong>videre</strong></span> <span class='ocrx_word' id='word_1_37' title='bbox 1004 747 1061 784; x_wconf 89' lang='lat' dir='ltr'><strong>uon</strong></span> <span class='ocrx_word' id='word_1_38' title='bbox 1079 733 1183 800; x_wconf 91' lang='lat' dir='ltr'><strong>potuit,</strong></span> <span class='ocrx_word' id='word_1_39' title='bbox 1199 734 1273 788; x_wconf 87' lang='lat' dir='ltr'><strong>satis</strong></span> <span class='ocrx_word' id='word_1_40' title='bbox 1300 735 1406 788; x_wconf 86' lang='lat' dir='ltr'><strong>acriter</strong></span> <span class='ocrx_word' id='word_1_41' title='bbox 1423 737 1452 788; x_wconf 92' lang='lat' dir='ltr'><strong>in</strong></span> 
     </span>
     <span class='ocr_line' id='line_1_6' title="bbox 336 813 1502 894; baseline 0.009 -28"><span class='ocrx_word' id='word_1_42' title='bbox 336 813 496 880; x_wconf 82' lang='lat' dir='ltr'><strong>Melchitas,</strong></span> <span class='ocrx_word' id='word_1_43' title='bbox 511 816 543 866; x_wconf 89' lang='lat' dir='ltr'><strong>at</strong></span> <span class='ocrx_word' id='word_1_44' title='bbox 561 815 648 866; x_wconf 92' lang='lat' dir='ltr'><strong>multo</strong></span> <span class='ocrx_word' id='word_1_45' title='bbox 667 815 758 880; x_wconf 79' lang='lat' dir='ltr'><strong>magis</strong></span> <span class='ocrx_word' id='word_1_46' title='bbox 776 816 807 868; x_wconf 94' lang='lat' dir='ltr'><strong>in</strong></span> <span class='ocrx_word' id='word_1_47' title='bbox 827 818 984 872; x_wconf 79' lang='lat' dir='ltr'><strong>Maronitas</strong></span> <span class='ocrx_word' id='word_1_48' title='bbox 1002 820 1161 888; x_wconf 84' lang='lat' dir='ltr'><strong>invehitur,</strong></span> <span class='ocrx_word' id='word_1_49' title='bbox 1177 838 1208 875; x_wconf 89' lang='lat' dir='ltr'><strong>eo</strong></span> <span class='ocrx_word' id='word_1_50' title='bbox 1229 823 1302 890; x_wconf 89' lang='lat' dir='ltr'><strong>quod</strong></span> <span class='ocrx_word' id='word_1_51' title='bbox 1322 821 1334 894; x_wconf 91' lang='lat'><strong>(</strong></span> <span class='ocrx_word' id='word_1_52' title='bbox 1343 828 1377 876; x_wconf 93' lang='lat' dir='ltr'><strong>ut</strong></span> <span class='ocrx_word' id='word_1_53' title='bbox 1395 823 1452 894; x_wconf 84' lang='lat' dir='ltr'><strong>ait)</strong></span> <span class='ocrx_word' id='word_1_54' title='bbox 1501 837 1502 852; x_wconf 64' lang='lat'>¹</span> 
     </span>
     <span class='ocr_line' id='line_1_7' title="bbox 336 903 1502 981; baseline 0.009 -25"><span class='ocrx_word' id='word_1_55' title='bbox 336 919 396 956; x_wconf 88' lang='lat' dir='ltr'><strong>cum</strong></span> <span class='ocrx_word' id='word_1_56' title='bbox 409 903 440 956; x_wconf 90' lang='lat' dir='ltr'><strong>hi</strong></span> <span class='ocrx_word' id='word_1_57' title='bbox 448 903 514 970; x_wconf 85' lang='lat' dir='ltr'><strong>Syri</strong></span> <span class='ocrx_word' id='word_1_58' title='bbox 525 909 631 972; x_wconf 88' lang='lat' dir='ltr'><strong>essent,</strong></span> <span class='ocrx_word' id='word_1_59' title='bbox 641 906 820 974; x_wconf 86' lang='lat' dir='ltr'><strong>eamdemque</strong></span> <span class='ocrx_word' id='word_1_60' title='bbox 833 909 982 973; x_wconf 78' lang='lat' dir='ltr'><strong>liturgiam</strong></span> <span class='ocrx_word' id='word_1_61' title='bbox 993 925 1052 962; x_wconf 90' lang='lat' dir='ltr'><strong>cum</strong></span> <span class='ocrx_word' id='word_1_62' title='bbox 1060 911 1143 977; x_wconf 86' lang='lat' dir='ltr'><strong>Syris</strong></span> <span class='ocrx_word' id='word_1_63' title='bbox 1152 913 1293 966; x_wconf 88' lang='lat' dir='ltr'><strong>Jacobitis</strong></span> <span class='ocrx_word' id='word_1_64' title='bbox 1304 914 1451 981; x_wconf 89' lang='lat' dir='ltr'><strong>haberent,</strong></span> <span class='ocrx_word' id='word_1_65' title='bbox 1501 923 1502 934; x_wconf 64' lang='lat'>¹</span> 
     </span>
     <span class='ocr_line' id='line_1_8' title="bbox 335 993 1453 1071; baseline 0.011 -27"><span class='ocrx_word' id='word_1_66' title='bbox 335 993 367 1045; x_wconf 90' lang='lat' dir='ltr'><strong>in</strong></span> <span class='ocrx_word' id='word_1_67' title='bbox 386 993 440 1045; x_wconf 87' lang='lat' dir='ltr'><strong>fido</strong></span> <span class='ocrx_word' id='word_1_68' title='bbox 454 997 548 1047; x_wconf 83' lang='lat' dir='ltr'><strong>tamen</strong></span> <span class='ocrx_word' id='word_1_69' title='bbox 566 995 602 1047; x_wconf 90' lang='lat' dir='ltr'><strong>ab</strong></span> <span class='ocrx_word' id='word_1_70' title='bbox 622 995 660 1047; x_wconf 89' lang='lat' dir='ltr'><strong>iis</strong></span> <span class='ocrx_word' id='word_1_71' title='bbox 678 995 885 1062; x_wconf 80' lang='lat' dir='ltr'>discreparent.</span> <span class='ocrx_word' id='word_1_72' title='bbox 897 997 976 1052; x_wconf 86' lang='lat' dir='ltr'><strong>Satis</strong></span> <span class='ocrx_word' id='word_1_73' title='bbox 996 1001 1090 1053; x_wconf 86' lang='lat' dir='ltr'><strong>tamen</strong></span> <span class='ocrx_word' id='word_1_74' title='bbox 1110 1004 1185 1055; x_wconf 87' lang='lat' dir='ltr'><strong>clare</strong></span> <span class='ocrx_word' id='word_1_75' title='bbox 1204 1002 1334 1056; x_wconf 77' lang='lat' dir='ltr'><strong>ostendit</strong></span> <span class='ocrx_word' id='word_1_76' title='bbox 1351 1005 1383 1056; x_wconf 92' lang='lat' dir='ltr'><strong>iu</strong></span> <span class='ocrx_word' id='word_1_77' title='bbox 1404 1021 1453 1071; x_wconf 85' lang='lat' dir='ltr'><strong>quo</strong></span> 
     </span>
     <span class='ocr_line' id='line_1_9' title="bbox 335 1085 1452 1161; baseline 0.006 -23"><span class='ocrx_word' id='word_1_78' title='bbox 335 1085 493 1138; x_wconf 79' lang='lat' dir='ltr'><strong>Maronitas</strong></span> <span class='ocrx_word' id='word_1_79' title='bbox 512 1089 542 1138; x_wconf 90' lang='lat' dir='ltr'><strong>et</strong></span> <span class='ocrx_word' id='word_1_80' title='bbox 561 1102 578 1138; x_wconf 86' lang='lat' dir='ltr'><strong>a</strong></span> <span class='ocrx_word' id='word_1_81' title='bbox 596 1085 742 1138; x_wconf 81' lang='lat' dir='ltr'><strong>Melchitis</strong></span> <span class='ocrx_word' id='word_1_82' title='bbox 761 1089 790 1138; x_wconf 89' lang='lat' dir='ltr'><strong>et</strong></span> <span class='ocrx_word' id='word_1_83' title='bbox 809 1103 826 1138; x_wconf 92' lang='lat' dir='ltr'><strong>a</strong></span> <span class='ocrx_word' id='word_1_84' title='bbox 843 1088 985 1141; x_wconf 81' lang='lat' dir='ltr'><strong>Jacobitis</strong></span> <span class='ocrx_word' id='word_1_85' title='bbox 999 1089 1210 1160; x_wconf 77' lang='lat' dir='ltr'><strong>discrepabant,</strong></span> <span class='ocrx_word' id='word_1_86' title='bbox 1226 1093 1269 1146; x_wconf 88' lang='lat' dir='ltr'><strong>ait</strong></span> <span class='ocrx_word' id='word_1_87' title='bbox 1282 1093 1359 1146; x_wconf 89' lang='lat' dir='ltr'><strong>enim</strong></span> <span class='ocrx_word' id='word_1_88' title='bbox 1371 1092 1452 1161; x_wconf 80' lang='lat' dir='ltr'><strong>(Ood.</strong></span> 
     </span>
     <span class='ocr_line' id='line_1_10' title="bbox 239 1152 1452 1266; baseline 0.011 -41"><span class='ocrx_word' id='word_1_89' title='bbox 239 1152 304 1266; x_wconf 66' lang='lat' dir='ltr'>m</span> <span class='ocrx_word' id='word_1_90' title='bbox 339 1177 402 1226; x_wconf 85' lang='lat' dir='ltr'><strong>Vat.</strong></span> <span class='ocrx_word' id='word_1_91' title='bbox 417 1179 478 1240; x_wconf 77' lang='lat' dir='ltr'><strong>Syr.</strong></span> <span class='ocrx_word' id='word_1_92' title='bbox 493 1180 546 1228; x_wconf 73' lang='lat'><strong>424</strong></span> <span class='ocrx_word' id='word_1_93' title='bbox 564 1176 623 1242; x_wconf 84' lang='lat' dir='ltr'><strong>fol.</strong></span> <span class='ocrx_word' id='word_1_94' title='bbox 639 1175 708 1244; x_wconf 82' lang='lat'><strong><em>65.).·</em></strong></span> <span class='ocrx_word' id='word_1_95' title='bbox 731 1177 861 1244; x_wconf 75' lang='lat' dir='ltr'><strong>«Populi</strong></span> <span class='ocrx_word' id='word_1_96' title='bbox 880 1180 1033 1232; x_wconf 90' lang='lat' dir='ltr'><strong>noluerunt</strong></span> <span class='ocrx_word' id='word_1_97' title='bbox 1056 1180 1140 1234; x_wconf 86' lang='lat' dir='ltr'><strong>fidem</strong></span> <span class='ocrx_word' id='word_1_98' title='bbox 1160 1185 1265 1251; x_wconf 87' lang='lat' dir='ltr'><strong>tenere,</strong></span> <span class='ocrx_word' id='word_1_99' title='bbox 1281 1183 1371 1236; x_wconf 91' lang='lat' dir='ltr'><strong>donec</strong></span> <span class='ocrx_word' id='word_1_100' title='bbox 1394 1199 1452 1250; x_wconf 87' lang='lat' dir='ltr'><strong>vos,</strong></span> 
     </span>
     <span class='ocr_line' id='line_1_11' title="bbox 336 1265 1455 1340; baseline 0.011 -26"><span class='ocrx_word' id='word_1_101' title='bbox 336 1265 568 1330; x_wconf 69' lang='lat' dir='ltr'><strong>acharonitae,</strong></span> <span class='ocrx_word' id='word_1_102' title='bbox 593 1265 757 1318; x_wconf 82' lang='lat' dir='ltr'><strong>dixistis...</strong></span> <span class='ocrx_word' id='word_1_103' title='bbox 771 1265 841 1320; x_wconf 92' lang='lat' dir='ltr'><strong>duas</strong></span> <span class='ocrx_word' id='word_1_104' title='bbox 861 1284 921 1321; x_wconf 89' lang='lat' dir='ltr'><strong>esse</strong></span> <span class='ocrx_word' id='word_1_105' title='bbox 944 1272 1070 1336; x_wconf 87' lang='lat' dir='ltr'><strong>naturas,</strong></span> <span class='ocrx_word' id='word_1_106' title='bbox 1087 1270 1157 1325; x_wconf 92' lang='lat' dir='ltr'><strong>duas</strong></span> <span class='ocrx_word' id='word_1_107' title='bbox 1180 1272 1370 1340; x_wconf 87' lang='lat' dir='ltr'><strong>substantias,</strong></span> <span class='ocrx_word' id='word_1_108' title='bbox 1389 1273 1455 1326; x_wconf 90' lang='lat' dir='ltr'><strong>duas</strong></span> 
     </span>
     <span class='ocr_line' id='line_1_12' title="bbox 337 1357 1457 1423; baseline 0.011 -19"><span class='ocrx_word' id='word_1_109' title='bbox 337 1370 509 1423; x_wconf 65' lang='lat' dir='ltr'><strong>»personas</strong></span> <span class='ocrx_word' id='word_1_110' title='bbox 530 1369 614 1408; x_wconf 90' lang='lat' dir='ltr'><strong>unam</strong></span> <span class='ocrx_word' id='word_1_111' title='bbox 633 1357 827 1423; x_wconf 67' lang='lat' dir='ltr'><strong>voluntatem</strong></span> <span class='ocrx_word' id='word_1_112' title='bbox 848 1359 981 1410; x_wconf 85' lang='lat' dir='ltr'><strong>nonnulli</strong></span> <span class='ocrx_word' id='word_1_113' title='bbox 1000 1361 1087 1413; x_wconf 88' lang='lat' dir='ltr'><strong>etiam</strong></span> <span class='ocrx_word' id='word_1_114' title='bbox 1105 1377 1140 1414; x_wconf 86' lang='lat' dir='ltr'><strong>ex</strong></span> <span class='ocrx_word' id='word_1_115' title='bbox 1167 1362 1249 1416; x_wconf 89' lang='lat' dir='ltr'><strong>vobis</strong></span> <span class='ocrx_word' id='word_1_116' title='bbox 1270 1363 1369 1416; x_wconf 88' lang='lat' dir='ltr'><strong>dixere</strong></span> <span class='ocrx_word' id='word_1_117' title='bbox 1390 1364 1457 1418; x_wconf 86' lang='lat' dir='ltr'><strong>duas</strong></span> 
     </span>
     <span class='ocr_line' id='line_1_13' title="bbox 336 1446 1454 1515; baseline 0.009 -20"><span class='ocrx_word' id='word_1_118' title='bbox 336 1469 349 1495; x_wconf 71' lang='lat' dir='ltr'><strong>s</strong></span> <span class='ocrx_word' id='word_1_119' title='bbox 365 1448 568 1510; x_wconf 59' lang='lat' dir='ltr'><strong>voluntatem»</strong></span> <span class='ocrx_word' id='word_1_120' title='bbox 593 1446 737 1510; x_wconf 83' lang='lat' dir='ltr'><strong>iutelligit</strong></span> <span class='ocrx_word' id='word_1_121' title='bbox 755 1447 823 1500; x_wconf 88' lang='lat' dir='ltr'><strong>illos</strong></span> <span class='ocrx_word' id='word_1_122' title='bbox 845 1449 894 1515; x_wconf 92' lang='lat' dir='ltr'><strong>qui</strong></span> <span class='ocrx_word' id='word_1_123' title='bbox 913 1449 1037 1502; x_wconf 84' lang='lat' dir='ltr'><strong>Francos</strong></span> <span class='ocrx_word' id='word_1_124' title='bbox 1051 1466 1100 1503; x_wconf 87' lang='lat' dir='ltr'><strong>seu</strong></span> <span class='ocrx_word' id='word_1_125' title='bbox 1111 1451 1231 1506; x_wconf 81' lang='lat' dir='ltr'><strong>Latinos</strong></span> <span class='ocrx_word' id='word_1_126' title='bbox 1252 1453 1343 1506; x_wconf 84' lang='lat' dir='ltr'><strong>secuti</strong></span> <span class='ocrx_word' id='word_1_127' title='bbox 1363 1458 1454 1506; x_wconf 88' lang='lat' dir='ltr'><strong>erant.</strong></span> 
     </span>
     <span class='ocr_line' id='line_1_14' title="bbox 336 1537 1503 1605; baseline 0.008 -16"><span class='ocrx_word' id='word_1_128' title='bbox 336 1537 465 1590; x_wconf 78' lang='lat' dir='ltr'><strong>Ceterum</strong></span> <span class='ocrx_word' id='word_1_129' title='bbox 487 1551 547 1588; x_wconf 88' lang='lat' dir='ltr'><strong>cum</strong></span> <span class='ocrx_word' id='word_1_130' title='bbox 572 1539 669 1588; x_wconf 90' lang='lat' dir='ltr'><strong>auctor</strong></span> <span class='ocrx_word' id='word_1_131' title='bbox 693 1537 740 1588; x_wconf 92' lang='lat' dir='ltr'><strong>hic</strong></span> <span class='ocrx_word' id='word_1_132' title='bbox 764 1540 968 1605; x_wconf 86' lang='lat' dir='ltr'><strong>monophysita</strong></span> <span class='ocrx_word' id='word_1_133' title='bbox 989 1555 1049 1592; x_wconf 81' lang='lat' dir='ltr'><strong>cum</strong></span> <span class='ocrx_word' id='word_1_134' title='bbox 1069 1556 1120 1593; x_wconf 90' lang='lat' dir='ltr'><strong>sua</strong></span> <span class='ocrx_word' id='word_1_135' title='bbox 1141 1545 1220 1595; x_wconf 88' lang='lat' dir='ltr'><strong>secta</strong></span> <span class='ocrx_word' id='word_1_136' title='bbox 1241 1557 1326 1594; x_wconf 90' lang='lat' dir='ltr'><strong>unam</strong></span> <span class='ocrx_word' id='word_1_137' title='bbox 1345 1557 1408 1596; x_wconf 87' lang='lat' dir='ltr'><strong>esse</strong></span> <span class='ocrx_word' id='word_1_138' title='bbox 1425 1545 1455 1595; x_wconf 91' lang='lat' dir='ltr'><strong>iu</strong></span> <span class='ocrx_word' id='word_1_139' title='bbox 1502 1559 1503 1598; x_wconf 83' lang='lat' dir='ltr'><strong>l</strong></span> 
     </span>
     <span class='ocr_line' id='line_1_15' title="bbox 337 1605 1503 1699; baseline 0.007 -20"><span class='ocrx_word' id='word_1_140' title='bbox 337 1627 451 1682; x_wconf 73' lang='lat' dir='ltr'><strong>Christo</strong></span> <span class='ocrx_word' id='word_1_141' title='bbox 471 1628 647 1680; x_wconf 82' lang='lat' dir='ltr'><strong>voluntatem</strong></span> <span class='ocrx_word' id='word_1_142' title='bbox 667 1629 795 1693; x_wconf 90' lang='lat' dir='ltr'><strong>teneret,</strong></span> <span class='ocrx_word' id='word_1_143' title='bbox 821 1627 896 1680; x_wconf 87' lang='lat' dir='ltr'><strong>haud</strong></span> <span class='ocrx_word' id='word_1_144' title='bbox 925 1630 1025 1682; x_wconf 87' lang='lat' dir='ltr'><strong>mirum</strong></span> <span class='ocrx_word' id='word_1_145' title='bbox 1049 1635 1095 1683; x_wconf 91' lang='lat' dir='ltr'><strong>est</strong></span> <span class='ocrx_word' id='word_1_146' title='bbox 1123 1631 1148 1684; x_wconf 89' lang='lat' dir='ltr'><strong>si</strong></span> <span class='ocrx_word' id='word_1_147' title='bbox 1167 1647 1218 1699; x_wconf 92' lang='lat' dir='ltr'><strong>pro</strong></span> <span class='ocrx_word' id='word_1_148' title='bbox 1237 1632 1374 1686; x_wconf 84' lang='lat' dir='ltr'><strong>acerrimo</strong></span> <span class='ocrx_word' id='word_1_149' title='bbox 1395 1633 1456 1686; x_wconf 94' lang='lat' dir='ltr'><strong>odio</strong></span> <span class='ocrx_word' id='word_1_150' title='bbox 1502 1605 1503 1654; x_wconf 42' lang='lat'>³</span> 
     </span>
    </p>
   </div>
   <div class='ocr_carea' id='block_1_4' title="bbox 241 1717 1458 2357">
    <p class='ocr_par' dir='ltr' id='par_1_4' title="bbox 241 1717 1458 2357">
     <span class='ocr_line' id='line_1_16' title="bbox 338 1717 1456 1788; baseline 0.004 -18"><span class='ocrx_word' id='word_1_151' title='bbox 338 1734 391 1784; x_wconf 91' lang='lat' dir='ltr'><strong>quo</strong></span> <span class='ocrx_word' id='word_1_152' title='bbox 410 1717 566 1771; x_wconf 73' lang='lat' dir='ltr'><strong>Maronitas</strong></span> <span class='ocrx_word' id='word_1_153' title='bbox 585 1717 808 1783; x_wconf 74' lang='lat' dir='ltr'><strong>prosequebatur</strong></span> <span class='ocrx_word' id='word_1_154' title='bbox 832 1721 917 1785; x_wconf 87' lang='lat' dir='ltr'><strong>atque</strong></span> <span class='ocrx_word' id='word_1_155' title='bbox 943 1719 1106 1772; x_wconf 86' lang='lat' dir='ltr'><strong>vehementi</strong></span> <span class='ocrx_word' id='word_1_156' title='bbox 1131 1720 1263 1788; x_wconf 89' lang='lat' dir='ltr'><strong>cupidine</strong></span> <span class='ocrx_word' id='word_1_157' title='bbox 1285 1737 1341 1788; x_wconf 86' lang='lat' dir='ltr'><strong>qua</strong></span> <span class='ocrx_word' id='word_1_158' title='bbox 1358 1738 1456 1776; x_wconf 80' lang='lat' dir='ltr'><strong>causas</strong></span> 
     </span>
     <span class='ocr_line' id='line_1_17' title="bbox 337 1803 1457 1878; baseline 0.004 -18"><span class='ocrx_word' id='word_1_159' title='bbox 337 1809 405 1861; x_wconf 89' lang='lat' dir='ltr'><strong>illos</strong></span> <span class='ocrx_word' id='word_1_160' title='bbox 425 1806 614 1872; x_wconf 75' lang='lat' dir='ltr'><strong>redarguendi</strong></span> <span class='ocrx_word' id='word_1_161' title='bbox 643 1822 694 1873; x_wconf 92' lang='lat' dir='ltr'><strong>per</strong></span> <span class='ocrx_word' id='word_1_162' title='bbox 716 1808 760 1860; x_wconf 85' lang='lat' dir='ltr'><strong>fas</strong></span> <span class='ocrx_word' id='word_1_163' title='bbox 784 1811 814 1859; x_wconf 89' lang='lat' dir='ltr'><strong>et</strong></span> <span class='ocrx_word' id='word_1_164' title='bbox 841 1803 922 1862; x_wconf 84' lang='lat' dir='ltr'><strong>neia&#39;s</strong></span> <span class='ocrx_word' id='word_1_165' title='bbox 951 1809 1085 1862; x_wconf 87' lang='lat' dir='ltr'><strong>invenire</strong></span> <span class='ocrx_word' id='word_1_166' title='bbox 1114 1810 1266 1878; x_wconf 82' lang='lat' dir='ltr'><strong>studebat,</strong></span> <span class='ocrx_word' id='word_1_167' title='bbox 1288 1811 1406 1866; x_wconf 90' lang='lat' dir='ltr'><strong>duarum</strong></span> <span class='ocrx_word' id='word_1_168' title='bbox 1426 1813 1457 1865; x_wconf 92' lang='lat' dir='ltr'><strong>iu</strong></span> 
     </span>
     <span class='ocr_line' id='line_1_18' title="bbox 337 1898 1457 1969; baseline 0.004 -19"><span class='ocrx_word' id='word_1_169' title='bbox 337 1898 452 1952; x_wconf 76' lang='lat' dir='ltr'><strong>Christo</strong></span> <span class='ocrx_word' id='word_1_170' title='bbox 471 1900 649 1952; x_wconf 85' lang='lat' dir='ltr'><strong>voluntatum</strong></span> <span class='ocrx_word' id='word_1_171' title='bbox 669 1898 844 1951; x_wconf 87' lang='lat' dir='ltr'><strong>senteutiam</strong></span> <span class='ocrx_word' id='word_1_172' title='bbox 862 1902 895 1950; x_wconf 92' lang='lat' dir='ltr'><strong>ut</strong></span> <span class='ocrx_word' id='word_1_173' title='bbox 913 1915 1042 1964; x_wconf 84' lang='lat' dir='ltr'><strong>maguam</strong></span> <span class='ocrx_word' id='word_1_174' title='bbox 1056 1901 1199 1954; x_wconf 87' lang='lat' dir='ltr'><strong>haeresim</strong></span> <span class='ocrx_word' id='word_1_175' title='bbox 1212 1903 1359 1969; x_wconf 86' lang='lat' dir='ltr'><strong>aliquibus</strong></span> <span class='ocrx_word' id='word_1_176' title='bbox 1373 1919 1408 1956; x_wconf 85' lang='lat' dir='ltr'><strong>ex</strong></span> <span class='ocrx_word' id='word_1_177' title='bbox 1419 1904 1457 1954; x_wconf 92' lang='lat' dir='ltr'><strong>iis</strong></span> 
     </span>
     <span class='ocr_line' id='line_1_19' title="bbox 337 1987 1456 2063; baseline 0.002 -21"><span class='ocrx_word' id='word_1_178' title='bbox 337 1990 498 2056; x_wconf 75' lang='lat' dir='ltr'><strong>impegerit,</strong></span> <span class='ocrx_word' id='word_1_179' title='bbox 511 1987 740 2056; x_wconf 85' lang='lat' dir='ltr'><strong>quemadmodum</strong></span> <span class='ocrx_word' id='word_1_180' title='bbox 759 1989 846 2042; x_wconf 88' lang='lat' dir='ltr'><strong>etiam</strong></span> <span class='ocrx_word' id='word_1_181' title='bbox 869 1989 984 2042; x_wconf 89' lang='lat' dir='ltr'><strong>duarum</strong></span> <span class='ocrx_word' id='word_1_182' title='bbox 1003 2005 1186 2057; x_wconf 87' lang='lat' dir='ltr'><strong>personarum</strong></span> <span class='ocrx_word' id='word_1_183' title='bbox 1205 1991 1370 2063; x_wconf 86' lang='lat' dir='ltr'><strong>opinionem</strong></span> <span class='ocrx_word' id='word_1_184' title='bbox 1395 1993 1456 2044; x_wconf 89' lang='lat' dir='ltr'><strong>illis</strong></span> 
     </span>
     <span class='ocr_line' id='line_1_20' title="bbox 338 2077 1456 2148; baseline 0 -16"><span class='ocrx_word' id='word_1_185' title='bbox 338 2080 452 2146; x_wconf 88' lang='lat' dir='ltr'><strong>tribuit,</strong></span> <span class='ocrx_word' id='word_1_186' title='bbox 467 2095 502 2131; x_wconf 86' lang='lat' dir='ltr'><strong>ex</strong></span> <span class='ocrx_word' id='word_1_187' title='bbox 521 2095 552 2132; x_wconf 90' lang='lat' dir='ltr'><strong>eo</strong></span> <span class='ocrx_word' id='word_1_188' title='bbox 572 2078 645 2143; x_wconf 88' lang='lat' dir='ltr'><strong>quod</strong></span> <span class='ocrx_word' id='word_1_189' title='bbox 664 2077 734 2131; x_wconf 84' lang='lat' dir='ltr'><strong>duas</strong></span> <span class='ocrx_word' id='word_1_190' title='bbox 752 2080 955 2132; x_wconf 87' lang='lat' dir='ltr'><strong>confiterentur</strong></span> <span class='ocrx_word' id='word_1_191' title='bbox 975 2082 1111 2146; x_wconf 88' lang='lat' dir='ltr'><strong>naturas,</strong></span> <span class='ocrx_word' id='word_1_192' title='bbox 1127 2097 1188 2134; x_wconf 91' lang='lat' dir='ltr'><strong>cum</strong></span> <span class='ocrx_word' id='word_1_193' title='bbox 1216 2082 1312 2134; x_wconf 86' lang='lat' dir='ltr'><strong>nostri</strong></span> <span class='ocrx_word' id='word_1_194' title='bbox 1342 2081 1456 2148; x_wconf 82' lang='lat' dir='ltr'><strong>Syriai</strong></span> 
     </span>
     <span class='ocr_line' id='line_1_21' title="bbox 338 2168 1454 2236; baseline -0.002 -12"><span class='ocrx_word' id='word_1_195' title='bbox 338 2171 474 2224; x_wconf 74' lang='lat' dir='ltr'><strong>Chaldaei</strong></span> <span class='ocrx_word' id='word_1_196' title='bbox 485 2169 659 2223; x_wconf 82' lang='lat' dir='ltr'><strong>schismatici</strong></span> <span class='ocrx_word' id='word_1_197' title='bbox 672 2170 768 2221; x_wconf 88' lang='lat' dir='ltr'><strong>nolint</strong></span> <span class='ocrx_word' id='word_1_198' title='bbox 786 2168 963 2234; x_wconf 65' lang='lat' dir='ltr'><strong>distinguere</strong></span> <span class='ocrx_word' id='word_1_199' title='bbox 977 2172 1106 2222; x_wconf 85' lang='lat' dir='ltr'><strong>naturam</strong></span> <span class='ocrx_word' id='word_1_200' title='bbox 1119 2169 1151 2220; x_wconf 91' lang='lat' dir='ltr'><strong>iu</strong></span> <span class='ocrx_word' id='word_1_201' title='bbox 1165 2170 1280 2223; x_wconf 72' lang='lat' dir='ltr'><strong>Christo</strong></span> <span class='ocrx_word' id='word_1_202' title='bbox 1294 2185 1454 2236; x_wconf 87' lang='lat' dir='ltr'><strong>apersoua.</strong></span> 
     </span>
     <span class='ocr_line' id='line_1_22' title="bbox 241 2247 1458 2357; baseline -0.004 -41"><span class='ocrx_word' id='word_1_203' title='bbox 241 2247 307 2357; x_wconf 68' lang='lat' dir='ltr'>m</span> <span class='ocrx_word' id='word_1_204' title='bbox 339 2261 465 2328; x_wconf 90' lang='lat' dir='ltr'><strong>Denique</strong></span> <span class='ocrx_word' id='word_1_205' title='bbox 472 2261 532 2326; x_wconf 88' lang='lat' dir='ltr'><strong>fol.</strong></span> <span class='ocrx_word' id='word_1_206' title='bbox 546 2265 589 2314; x_wconf 80' lang='lat'><strong>78.</strong></span> <span class='ocrx_word' id='word_1_207' title='bbox 601 2261 729 2313; x_wconf 87' lang='lat' dir='ltr'><strong>absolute</strong></span> <span class='ocrx_word' id='word_1_208' title='bbox 743 2261 794 2312; x_wconf 90' lang='lat' dir='ltr'><strong>ait:</strong></span> <span class='ocrx_word' id='word_1_209' title='bbox 810 2258 925 2312; x_wconf 73' lang='lat' dir='ltr'><strong>«dicunt</strong></span> <span class='ocrx_word' id='word_1_210' title='bbox 936 2259 1096 2312; x_wconf 75' lang='lat' dir='ltr'><strong>Maronitas</strong></span> <span class='ocrx_word' id='word_1_211' title='bbox 1107 2258 1153 2333; x_wconf 80' lang='lat' dir='ltr'><strong>(ia</strong></span> <span class='ocrx_word' id='word_1_212' title='bbox 1165 2261 1294 2326; x_wconf 81' lang='lat' dir='ltr'><strong>marpiae</strong></span> <span class='ocrx_word' id='word_1_213' title='bbox 1303 2263 1333 2311; x_wconf 90' lang='lat' dir='ltr'><strong>et</strong></span> <span class='ocrx_word' id='word_1_214' title='bbox 1343 2256 1458 2329; x_wconf 80' lang='lat' dir='ltr'><strong>Franci)</strong></span> 
     </span>
    </p>
   </div>
   <div class='ocr_carea' id='block_1_5' title="bbox 317 2349 1458 4305">
    <p class='ocr_par' dir='ltr' id='par_1_5' title="bbox 337 2349 1458 2676">
     <span class='ocr_line' id='line_1_23' title="bbox 338 2349 1458 2416; baseline -0.001 -15"><span class='ocrx_word' id='word_1_215' title='bbox 338 2373 351 2401; x_wconf 75' lang='lat' dir='ltr'><strong>s</strong></span> <span class='ocrx_word' id='word_1_216' title='bbox 367 2352 436 2404; x_wconf 87' lang='lat' dir='ltr'><strong>duas</strong></span> <span class='ocrx_word' id='word_1_217' title='bbox 450 2354 577 2415; x_wconf 87' lang='lat' dir='ltr'><strong>naturas,</strong></span> <span class='ocrx_word' id='word_1_218' title='bbox 592 2350 660 2403; x_wconf 86' lang='lat' dir='ltr'><strong>duas</strong></span> <span class='ocrx_word' id='word_1_219' title='bbox 680 2365 825 2416; x_wconf 85' lang='lat' dir='ltr'><strong>personas,</strong></span> <span class='ocrx_word' id='word_1_220' title='bbox 838 2352 868 2402; x_wconf 91' lang='lat' dir='ltr'><strong>et</strong></span> <span class='ocrx_word' id='word_1_221' title='bbox 881 2352 1057 2404; x_wconf 86' lang='lat' dir='ltr'><strong>voluntatem</strong></span> <span class='ocrx_word' id='word_1_222' title='bbox 1070 2365 1181 2404; x_wconf 63' lang='lat' dir='ltr'><strong>unauna</strong></span> <span class='ocrx_word' id='word_1_223' title='bbox 1196 2350 1327 2404; x_wconf 81' lang='lat' dir='ltr'><strong>Profecto</strong></span> <span class='ocrx_word' id='word_1_224' title='bbox 1340 2349 1401 2403; x_wconf 90' lang='lat' dir='ltr'><strong>nisi</strong></span> <span class='ocrx_word' id='word_1_225' title='bbox 1414 2350 1458 2402; x_wconf 88' lang='lat' dir='ltr'><strong>hic</strong></span> 
     </span>
     <span class='ocr_line' id='line_1_24' title="bbox 337 2440 1457 2508; baseline -0.004 -14"><span class='ocrx_word' id='word_1_226' title='bbox 337 2445 443 2498; x_wconf 82' lang='lat' dir='ltr'><strong>auctor,</strong></span> <span class='ocrx_word' id='word_1_227' title='bbox 452 2441 707 2508; x_wconf 87' lang='lat' dir='ltr'><strong>compertissimum</strong></span> <span class='ocrx_word' id='word_1_228' title='bbox 727 2441 846 2493; x_wconf 86' lang='lat' dir='ltr'><strong>haberet</strong></span> <span class='ocrx_word' id='word_1_229' title='bbox 863 2441 1021 2495; x_wconf 79' lang='lat' dir='ltr'><strong>Maronitas</strong></span> <span class='ocrx_word' id='word_1_230' title='bbox 1034 2457 1117 2494; x_wconf 86' lang='lat' dir='ltr'><strong>uuam</strong></span> <span class='ocrx_word' id='word_1_231' title='bbox 1131 2441 1165 2494; x_wconf 93' lang='lat' dir='ltr'><strong>in</strong></span> <span class='ocrx_word' id='word_1_232' title='bbox 1178 2440 1295 2496; x_wconf 74' lang='lat' dir='ltr'><strong>Christo</strong></span> <span class='ocrx_word' id='word_1_233' title='bbox 1308 2440 1457 2494; x_wconf 80' lang='lat' dir='ltr'><strong>admisisse</strong></span> 
     </span>
     <span class='ocr_line' id='line_1_25' title="bbox 338 2530 1457 2599; baseline -0.004 -13"><span class='ocrx_word' id='word_1_234' title='bbox 338 2535 525 2598; x_wconf 88' lang='lat' dir='ltr'><strong>voluntatem,</strong></span> <span class='ocrx_word' id='word_1_235' title='bbox 540 2530 571 2584; x_wconf 92' lang='lat' dir='ltr'><strong>id</strong></span> <span class='ocrx_word' id='word_1_236' title='bbox 590 2530 666 2584; x_wconf 91' lang='lat' dir='ltr'><strong>haud</strong></span> <span class='ocrx_word' id='word_1_237' title='bbox 685 2531 830 2584; x_wconf 80' lang='lat' dir='ltr'><strong>confessus</strong></span> <span class='ocrx_word' id='word_1_238' title='bbox 850 2534 945 2598; x_wconf 88' lang='lat' dir='ltr'><strong>esset,</strong></span> <span class='ocrx_word' id='word_1_239' title='bbox 960 2547 1020 2585; x_wconf 90' lang='lat' dir='ltr'><strong>cum</strong></span> <span class='ocrx_word' id='word_1_240' title='bbox 1040 2531 1141 2584; x_wconf 92' lang='lat' dir='ltr'><strong>hocin</strong></span> <span class='ocrx_word' id='word_1_241' title='bbox 1167 2532 1259 2599; x_wconf 89' lang='lat' dir='ltr'><strong>ipsius</strong></span> <span class='ocrx_word' id='word_1_242' title='bbox 1282 2534 1377 2585; x_wconf 87' lang='lat' dir='ltr'><strong>mente</strong></span> <span class='ocrx_word' id='word_1_243' title='bbox 1396 2531 1457 2582; x_wconf 89' lang='lat' dir='ltr'><strong>illis</strong></span> 
     </span>
     <span class='ocr_line' id='line_1_26' title="bbox 337 2621 457 2676; baseline 0 -2"><span class='ocrx_word' id='word_1_244' title='bbox 337 2621 457 2676; x_wconf 78' lang='lat' dir='ltr'><strong>faveret.</strong></span> 
     </span>
    </p>

    <p class='ocr_par' dir='ltr' id='par_1_6' title="bbox 335 2709 1458 3051">
     <span class='ocr_line' id='line_1_27' title="bbox 407 2709 1457 2782; baseline 0.002 -20"><span class='ocrx_word' id='word_1_245' title='bbox 407 2709 449 2782; x_wconf 89' lang='lat'><strong>(1)</strong></span> <span class='ocrx_word' id='word_1_246' title='bbox 461 2712 645 2766; x_wconf 77' lang='lat' dir='ltr'><strong>Innocentius</strong></span> <span class='ocrx_word' id='word_1_247' title='bbox 658 2712 712 2764; x_wconf 90' lang='grc' dir='ltr'><strong>ΙΙΙ.</strong></span> <span class='ocrx_word' id='word_1_248' title='bbox 727 2712 759 2764; x_wconf 93' lang='lat' dir='ltr'><strong>iu</strong></span> <span class='ocrx_word' id='word_1_249' title='bbox 772 2713 881 2766; x_wconf 92' lang='lat' dir='ltr'><strong>litteris</strong></span> <span class='ocrx_word' id='word_1_250' title='bbox 901 2713 973 2775; x_wconf 76' lang='lat' dir='ltr'><strong>Quia</strong></span> <span class='ocrx_word' id='word_1_251' title='bbox 987 2713 1103 2766; x_wconf 75' lang='lat' dir='ltr'><strong>divinae</strong></span> <span class='ocrx_word' id='word_1_252' title='bbox 1114 2713 1271 2779; x_wconf 74' lang='lat' dir='ltr'><strong>sapientiae</strong></span> <span class='ocrx_word' id='word_1_253' title='bbox 1288 2713 1325 2766; x_wconf 90' lang='lat' dir='ltr'><strong>ad</strong></span> <span class='ocrx_word' id='word_1_254' title='bbox 1334 2714 1457 2780; x_wconf 87' lang='lat' dir='ltr'><strong>patriar·</strong></span> 
     </span>
     <span class='ocr_line' id='line_1_28' title="bbox 336 2802 1458 2871; baseline 0.001 -18"><span class='ocrx_word' id='word_1_255' title='bbox 336 2802 416 2854; x_wconf 89' lang='lat' dir='ltr'><strong>cham</strong></span> <span class='ocrx_word' id='word_1_256' title='bbox 426 2803 456 2852; x_wconf 92' lang='lat' dir='ltr'><strong>et</strong></span> <span class='ocrx_word' id='word_1_257' title='bbox 465 2802 609 2867; x_wconf 88' lang='lat' dir='ltr'><strong>episcopos</strong></span> <span class='ocrx_word' id='word_1_258' title='bbox 620 2802 747 2854; x_wconf 89' lang='lat' dir='ltr'><strong>nationis</strong></span> <span class='ocrx_word' id='word_1_259' title='bbox 757 2803 943 2861; x_wconf 77' lang='lat' dir='ltr'><strong>Maroniticae</strong></span> <span class='ocrx_word' id='word_1_260' title='bbox 954 2803 1173 2870; x_wconf 78' lang='lat' dir='ltr'><strong>datisan.1207,</strong></span> <span class='ocrx_word' id='word_1_261' title='bbox 1186 2803 1230 2856; x_wconf 89' lang='lat' dir='ltr'><strong>ita</strong></span> <span class='ocrx_word' id='word_1_262' title='bbox 1243 2819 1290 2856; x_wconf 89' lang='lat' dir='ltr'><strong>eos</strong></span> <span class='ocrx_word' id='word_1_263' title='bbox 1301 2805 1458 2871; x_wconf 89' lang='lat' dir='ltr'><strong>alloquitur</strong></span> 
     </span>
     <span class='ocr_line' id='line_1_29' title="bbox 335 2890 1458 2963; baseline 0.002 -21"><span class='ocrx_word' id='word_1_264' title='bbox 335 2890 460 2958; x_wconf 84' lang='lat' dir='ltr'><strong>(Ballar.</strong></span> <span class='ocrx_word' id='word_1_265' title='bbox 475 2890 508 2940; x_wconf 83' lang='lat' dir='ltr'><strong>de</strong></span> <span class='ocrx_word' id='word_1_266' title='bbox 520 2892 604 2956; x_wconf 81' lang='lat' dir='ltr'><strong>Prop.</strong></span> <span class='ocrx_word' id='word_1_267' title='bbox 619 2892 685 2943; x_wconf 79' lang='lat' dir='ltr'><strong>Fid.</strong></span> <span class='ocrx_word' id='word_1_268' title='bbox 696 2894 767 2958; x_wconf 77' lang='lat' dir='ltr'><strong>App.</strong></span> <span class='ocrx_word' id='word_1_269' title='bbox 782 2901 803 2944; x_wconf 78' lang='lat' dir='ltr'><strong>t.</strong></span> <span class='ocrx_word' id='word_1_270' title='bbox 815 2897 838 2944; x_wconf 82' lang='lat'><strong>1.</strong></span> <span class='ocrx_word' id='word_1_271' title='bbox 847 2909 916 2958; x_wconf 77' lang='lat' dir='ltr'><strong>pap.</strong></span> <span class='ocrx_word' id='word_1_272' title='bbox 935 2893 973 2963; x_wconf 86' lang='lat'><strong>1).·</strong></span> <span class='ocrx_word' id='word_1_273' title='bbox 996 2895 1090 2946; x_wconf 76' lang='lat' dir='ltr'><strong>uliam</strong></span> <span class='ocrx_word' id='word_1_274' title='bbox 1103 2909 1162 2946; x_wconf 88' lang='lat' dir='ltr'><strong>cum</strong></span> <span class='ocrx_word' id='word_1_275' title='bbox 1177 2895 1245 2946; x_wconf 91' lang='lat' dir='ltr'><strong>olim</strong></span> <span class='ocrx_word' id='word_1_276' title='bbox 1259 2895 1364 2948; x_wconf 87' lang='lat' dir='ltr'><strong>essetis</strong></span> <span class='ocrx_word' id='word_1_277' title='bbox 1377 2894 1458 2960; x_wconf 85' lang='lat' dir='ltr'><strong>quasi</strong></span> 
     </span>
     <span class='ocr_line' id='line_1_30' title="bbox 340 2982 1455 3051; baseline 0.004 -21"><span class='ocrx_word' id='word_1_278' title='bbox 340 3003 351 3030; x_wconf 69' lang='lat' dir='ltr'><strong>a</strong></span> <span class='ocrx_word' id='word_1_279' title='bbox 368 2997 434 3034; x_wconf 85' lang='lat' dir='ltr'><strong>oves</strong></span> <span class='ocrx_word' id='word_1_280' title='bbox 447 2983 582 3045; x_wconf 88' lang='lat' dir='ltr'><strong>errantes,</strong></span> <span class='ocrx_word' id='word_1_281' title='bbox 593 2996 649 3033; x_wconf 92' lang='lat' dir='ltr'><strong>non</strong></span> <span class='ocrx_word' id='word_1_282' title='bbox 658 2985 732 3034; x_wconf 88' lang='lat' dir='ltr'><strong>recte</strong></span> <span class='ocrx_word' id='word_1_283' title='bbox 742 2982 943 3047; x_wconf 82' lang='lat' dir='ltr'><strong>intelligentes</strong></span> <span class='ocrx_word' id='word_1_284' title='bbox 953 2999 1035 3034; x_wconf 88' lang='lat' dir='ltr'><strong>unam</strong></span> <span class='ocrx_word' id='word_1_285' title='bbox 1046 2984 1183 3036; x_wconf 86' lang='lat' dir='ltr'><strong>exsistere</strong></span> <span class='ocrx_word' id='word_1_286' title='bbox 1193 2983 1303 3036; x_wconf 79' lang='lat' dir='ltr'><strong>christi</strong></span> <span class='ocrx_word' id='word_1_287' title='bbox 1314 2999 1455 3051; x_wconf 90' lang='lat' dir='ltr'><strong>sponsam,</strong></span> 
     </span>
    </p>

    <p class='ocr_par' dir='ltr' id='par_1_7' title="bbox 317 3071 1456 4126">
     <span class='ocr_line' id='line_1_31' title="bbox 317 3071 1456 3139; baseline 0.004 -21"><span class='ocrx_word' id='word_1_288' title='bbox 317 3135 321 3139; x_wconf 20' lang='grc' dir='ltr'>ι</span> <span class='ocrx_word' id='word_1_289' title='bbox 340 3093 351 3118; x_wconf 72' lang='lat' dir='ltr'><strong>e</strong></span> <span class='ocrx_word' id='word_1_290' title='bbox 367 3073 451 3138; x_wconf 90' lang='lat' dir='ltr'><strong>atque</strong></span> <span class='ocrx_word' id='word_1_291' title='bbox 464 3071 616 3124; x_wconf 90' lang='lat' dir='ltr'><strong>columbam</strong></span> <span class='ocrx_word' id='word_1_292' title='bbox 630 3074 766 3138; x_wconf 87' lang='lat' dir='ltr'><strong>sanctam,</strong></span> <span class='ocrx_word' id='word_1_293' title='bbox 776 3072 887 3124; x_wconf 87' lang='lat' dir='ltr'><strong>scilicet</strong></span> <span class='ocrx_word' id='word_1_294' title='bbox 897 3072 1052 3126; x_wconf 80' lang='lat' dir='ltr'><strong>Ecclesiam</strong></span> <span class='ocrx_word' id='word_1_295' title='bbox 1064 3072 1242 3138; x_wconf 88' lang='lat' dir='ltr'><strong>catholicam,</strong></span> <span class='ocrx_word' id='word_1_296' title='bbox 1256 3088 1343 3126; x_wconf 90' lang='lat' dir='ltr'><strong>uuum</strong></span> <span class='ocrx_word' id='word_1_297' title='bbox 1356 3077 1387 3126; x_wconf 87' lang='lat' dir='ltr'><strong>et</strong></span> <span class='ocrx_word' id='word_1_298' title='bbox 1399 3087 1456 3125; x_wconf 88' lang='lat' dir='ltr'><strong>esse</strong></span> 
     </span>
     <span class='ocr_line' id='line_1_32' title="bbox 339 3159 1455 3230; baseline 0.002 -20"><span class='ocrx_word' id='word_1_299' title='bbox 339 3184 351 3210; x_wconf 71' lang='lat' dir='ltr'><em>n</em></span> <span class='ocrx_word' id='word_1_300' title='bbox 366 3177 461 3216; x_wconf 84' lang='lat' dir='ltr'><strong>verum</strong></span> <span class='ocrx_word' id='word_1_301' title='bbox 481 3161 635 3226; x_wconf 87' lang='lat' dir='ltr'><strong>Pastorem,</strong></span> <span class='ocrx_word' id='word_1_302' title='bbox 651 3159 794 3213; x_wconf 74' lang='lat' dir='ltr'><strong>Christum</strong></span> <span class='ocrx_word' id='word_1_303' title='bbox 809 3161 928 3228; x_wconf 89' lang='lat' dir='ltr'><strong>scilieet,</strong></span> <span class='ocrx_word' id='word_1_304' title='bbox 942 3165 1049 3228; x_wconf 89' lang='lat' dir='ltr'><strong>etpost</strong></span> <span class='ocrx_word' id='word_1_305' title='bbox 1062 3162 1155 3228; x_wconf 87' lang='lat' dir='ltr'><strong>ipsum</strong></span> <span class='ocrx_word' id='word_1_306' title='bbox 1168 3177 1262 3229; x_wconf 90' lang='lat' dir='ltr'><strong>acper</strong></span> <span class='ocrx_word' id='word_1_307' title='bbox 1280 3162 1374 3230; x_wconf 87' lang='lat' dir='ltr'><strong>ipsum</strong></span> <span class='ocrx_word' id='word_1_308' title='bbox 1394 3177 1455 3227; x_wconf 90' lang='lat' dir='ltr'><strong>apo-</strong></span> 
     </span>
     <span class='ocr_line' id='line_1_33' title="bbox 339 3251 1456 3319; baseline -0.002 -17"><span class='ocrx_word' id='word_1_309' title='bbox 339 3275 351 3302; x_wconf 70' lang='lat' dir='ltr'><em>n</em></span> <span class='ocrx_word' id='word_1_310' title='bbox 366 3254 496 3307; x_wconf 87' lang='lat' dir='ltr'><strong>stolicnm</strong></span> <span class='ocrx_word' id='word_1_311' title='bbox 510 3267 542 3305; x_wconf 89' lang='lat' dir='ltr'><strong>ac</strong></span> <span class='ocrx_word' id='word_1_312' title='bbox 554 3251 691 3304; x_wconf 81' lang='lat' dir='ltr'><strong>vicarium</strong></span> <span class='ocrx_word' id='word_1_313' title='bbox 710 3252 771 3319; x_wconf 86' lang='lat' dir='ltr'><strong>ejus</strong></span> <span class='ocrx_word' id='word_1_314' title='bbox 781 3253 904 3317; x_wconf 89' lang='lat' dir='ltr'><strong>Petrum,</strong></span> <span class='ocrx_word' id='word_1_315' title='bbox 915 3255 1002 3304; x_wconf 83' lang='lat' dir='ltr'><strong>eta...</strong></span> <span class='ocrx_word' id='word_1_316' title='bbox 1018 3251 1137 3318; x_wconf 88' lang='lat' dir='ltr'><strong>Dudum,</strong></span> <span class='ocrx_word' id='word_1_317' title='bbox 1152 3251 1321 3306; x_wconf 85' lang='lat' dir='ltr'><strong>transmisso</strong></span> <span class='ocrx_word' id='word_1_318' title='bbox 1345 3268 1363 3304; x_wconf 90' lang='lat' dir='ltr'><strong>a</strong></span> <span class='ocrx_word' id='word_1_319' title='bbox 1375 3251 1456 3303; x_wconf 89' lang='lat' dir='ltr'><strong>nobis</strong></span> 
     </span>
     <span class='ocr_line' id='line_1_34' title="bbox 339 3339 1454 3410; baseline -0.003 -18"><span class='ocrx_word' id='word_1_320' title='bbox 339 3365 350 3392; x_wconf 74' lang='lat' dir='ltr'><em>n</em></span> <span class='ocrx_word' id='word_1_321' title='bbox 368 3343 402 3397; x_wconf 84' lang='lat' dir='ltr'><strong>ad</strong></span> <span class='ocrx_word' id='word_1_322' title='bbox 422 3345 519 3410; x_wconf 87' lang='lat' dir='ltr'><strong>partes</strong></span> <span class='ocrx_word' id='word_1_323' title='bbox 532 3343 690 3394; x_wconf 82' lang='lat' dir='ltr'><strong>vestras...</strong></span> <span class='ocrx_word' id='word_1_324' title='bbox 701 3341 873 3407; x_wconf 87' lang='lat' dir='ltr'><strong>apostolicae</strong></span> <span class='ocrx_word' id='word_1_325' title='bbox 886 3339 969 3394; x_wconf 86' lang='lat' dir='ltr'><strong>Sedis</strong></span> <span class='ocrx_word' id='word_1_326' title='bbox 982 3343 1087 3407; x_wconf 79' lang='lat' dir='ltr'><strong>legato,</strong></span> <span class='ocrx_word' id='word_1_327' title='bbox 1103 3341 1233 3394; x_wconf 85' lang='lat' dir='ltr'><strong>conversi</strong></span> <span class='ocrx_word' id='word_1_328' title='bbox 1246 3341 1347 3394; x_wconf 77' lang='lat' dir='ltr'><strong>fuistis</strong></span> <span class='ocrx_word' id='word_1_329' title='bbox 1362 3340 1398 3394; x_wconf 86' lang='lat' dir='ltr'><strong>ad</strong></span> <span class='ocrx_word' id='word_1_330' title='bbox 1411 3356 1454 3406; x_wconf 87' lang='lat' dir='ltr'><strong>pa-</strong></span> 
     </span>
     <span class='ocr_line' id='line_1_35' title="bbox 340 3429 1454 3499; baseline -0.006 -13"><span class='ocrx_word' id='word_1_331' title='bbox 340 3437 470 3486; x_wconf 77' lang='lat' dir='ltr'><strong>nstorem</strong></span> <span class='ocrx_word' id='word_1_332' title='bbox 489 3434 614 3484; x_wconf 88' lang='lat' dir='ltr'><strong>vestrum</strong></span> <span class='ocrx_word' id='word_1_333' title='bbox 635 3433 664 3482; x_wconf 94' lang='lat' dir='ltr'><strong>et</strong></span> <span class='ocrx_word' id='word_1_334' title='bbox 682 3430 841 3497; x_wconf 89' lang='lat' dir='ltr'><strong>episcopum</strong></span> <span class='ocrx_word' id='word_1_335' title='bbox 861 3429 1048 3484; x_wconf 84' lang='lat' dir='ltr'><strong>Ecclesiarum</strong></span> <span class='ocrx_word' id='word_1_336' title='bbox 1070 3434 1268 3484; x_wconf 74' lang='lat' dir='ltr'><strong>vestrarum.»</strong></span> <span class='ocrx_word' id='word_1_337' title='bbox 1289 3431 1328 3484; x_wconf 80' lang='lat' dir='ltr'><strong>nt</strong></span> <span class='ocrx_word' id='word_1_338' title='bbox 1351 3447 1415 3499; x_wconf 86' lang='lat' dir='ltr'><strong>pag.</strong></span> <span class='ocrx_word' id='word_1_339' title='bbox 1430 3431 1454 3479; x_wconf 80' lang='lat'><strong>2:</strong></span> 
     </span>
     <span class='ocr_line' id='line_1_36' title="bbox 340 3518 1454 3590; baseline -0.004 -18"><span class='ocrx_word' id='word_1_340' title='bbox 340 3526 436 3590; x_wconf 69' lang='lat' dir='ltr'><strong>«Quia</strong></span> <span class='ocrx_word' id='word_1_341' title='bbox 455 3538 531 3588; x_wconf 83' lang='lat' dir='ltr'><strong>vero,</strong></span> <span class='ocrx_word' id='word_1_342' title='bbox 547 3521 598 3588; x_wconf 90' lang='lat' dir='ltr'><strong>ait,</strong></span> <span class='ocrx_word' id='word_1_343' title='bbox 616 3519 777 3588; x_wconf 87' lang='lat' dir='ltr'><strong>praedictus</strong></span> <span class='ocrx_word' id='word_1_344' title='bbox 797 3519 960 3573; x_wconf 71' lang='lat' dir='ltr'><strong>cardinalis</strong></span> <span class='ocrx_word' id='word_1_345' title='bbox 981 3518 1147 3586; x_wconf 88' lang='lat' dir='ltr'><strong>quibusdam</strong></span> <span class='ocrx_word' id='word_1_346' title='bbox 1167 3519 1319 3574; x_wconf 84' lang='lat' dir='ltr'><strong>intellexit</strong></span> <span class='ocrx_word' id='word_1_347' title='bbox 1331 3535 1383 3574; x_wconf 85' lang='lat' dir='ltr'><strong>vos</strong></span> <span class='ocrx_word' id='word_1_348' title='bbox 1396 3519 1454 3586; x_wconf 88' lang='lat' dir='ltr'><strong>pati</strong></span> 
     </span>
     <span class='ocr_line' id='line_1_37' title="bbox 340 3606 1454 3677; baseline -0.004 -17"><span class='ocrx_word' id='word_1_349' title='bbox 340 3635 351 3660; x_wconf 70' lang='lat' dir='ltr'><em>n</em></span> <span class='ocrx_word' id='word_1_350' title='bbox 368 3612 504 3665; x_wconf 83' lang='lat' dir='ltr'><strong>detectum</strong></span> <span class='ocrx_word' id='word_1_351' title='bbox 515 3612 606 3677; x_wconf 93' lang='lat' dir='ltr'><strong>illum,</strong></span> <span class='ocrx_word' id='word_1_352' title='bbox 621 3610 653 3662; x_wconf 93' lang='lat' dir='ltr'><strong>iu</strong></span> <span class='ocrx_word' id='word_1_353' title='bbox 666 3609 747 3661; x_wconf 88' lang='lat' dir='ltr'><strong>vobis</strong></span> <span class='ocrx_word' id='word_1_354' title='bbox 758 3608 931 3676; x_wconf 87' lang='lat' dir='ltr'><strong>apostolicae</strong></span> <span class='ocrx_word' id='word_1_355' title='bbox 941 3608 1121 3662; x_wconf 82' lang='lat' dir='ltr'><strong>auctoritatis</strong></span> <span class='ocrx_word' id='word_1_356' title='bbox 1131 3606 1312 3676; x_wconf 89' lang='lat' dir='ltr'><strong>plenitudiue</strong></span> <span class='ocrx_word' id='word_1_357' title='bbox 1327 3608 1454 3676; x_wconf 87' lang='lat' dir='ltr'><strong>supplere</strong></span> 
     </span>
     <span class='ocr_line' id='line_1_38' title="bbox 340 3695 1453 3766; baseline -0.006 -13"><span class='ocrx_word' id='word_1_358' title='bbox 340 3721 352 3748; x_wconf 75' lang='lat' dir='ltr'><strong>e</strong></span> <span class='ocrx_word' id='word_1_359' title='bbox 367 3700 488 3766; x_wconf 86' lang='lat' dir='ltr'><strong>curavit,</strong></span> <span class='ocrx_word' id='word_1_360' title='bbox 503 3699 656 3766; x_wconf 79' lang='lat' dir='ltr'><strong>injungens</strong></span> <span class='ocrx_word' id='word_1_361' title='bbox 669 3701 744 3749; x_wconf 74' lang='lat' dir='ltr'><strong>ut...</strong></span> <span class='ocrx_word' id='word_1_362' title='bbox 761 3698 832 3750; x_wconf 79' lang='lat' dir='ltr'><strong>duaa</strong></span> <span class='ocrx_word' id='word_1_363' title='bbox 844 3699 876 3749; x_wconf 77' lang='lat' dir='ltr'><strong>ia</strong></span> <span class='ocrx_word' id='word_1_364' title='bbox 889 3699 1012 3750; x_wconf 78' lang='lat' dir='ltr'><strong>Domino</strong></span> <span class='ocrx_word' id='word_1_365' title='bbox 1027 3698 1218 3764; x_wconf 79' lang='lat' dir='ltr'><strong>confiteamini</strong></span> <span class='ocrx_word' id='word_1_366' title='bbox 1229 3700 1401 3761; x_wconf 76' lang='lat' dir='ltr'><strong>noluntates,</strong></span> <span class='ocrx_word' id='word_1_367' title='bbox 1416 3695 1453 3746; x_wconf 79' lang='lat' dir='ltr'><strong>di-</strong></span> 
     </span>
     <span class='ocr_line' id='line_1_39' title="bbox 340 3789 1452 3856; baseline -0.001 -19"><span class='ocrx_word' id='word_1_368' title='bbox 340 3790 464 3842; x_wconf 74' lang='lat' dir='ltr'><strong>nviaam</strong></span> <span class='ocrx_word' id='word_1_369' title='bbox 479 3789 594 3854; x_wconf 75' lang='lat' dir='ltr'><strong>seilicet,</strong></span> <span class='ocrx_word' id='word_1_370' title='bbox 615 3793 846 3841; x_wconf 70' lang='lat' dir='ltr'><strong>assemanum.»</strong></span> <span class='ocrx_word' id='word_1_371' title='bbox 872 3790 999 3856; x_wconf 90' lang='lat' dir='ltr'><strong>Denique</strong></span> <span class='ocrx_word' id='word_1_372' title='bbox 1022 3804 1086 3856; x_wconf 78' lang='lat' dir='ltr'><strong>pag.</strong></span> <span class='ocrx_word' id='word_1_373' title='bbox 1107 3789 1143 3840; x_wconf 83' lang='lat'><strong>3:</strong></span> <span class='ocrx_word' id='word_1_374' title='bbox 1171 3789 1333 3842; x_wconf 76' lang='lat' dir='ltr'><strong>avolantes</strong></span> <span class='ocrx_word' id='word_1_375' title='bbox 1353 3789 1452 3848; x_wconf 88' lang='lat' dir='ltr'><strong>autem,</strong></span> 
     </span>
     <span class='ocr_line' id='line_1_40' title="bbox 340 3879 1453 3948; baseline -0.004 -15"><span class='ocrx_word' id='word_1_376' title='bbox 340 3881 421 3947; x_wconf 82' lang='lat' dir='ltr'><strong>nait,</strong></span> <span class='ocrx_word' id='word_1_377' title='bbox 503 3882 605 3948; x_wconf 92' lang='lat' dir='ltr'><strong>populo</strong></span> <span class='ocrx_word' id='word_1_378' title='bbox 625 3882 673 3932; x_wconf 91' lang='lat' dir='ltr'><strong>tuo</strong></span> <span class='ocrx_word' id='word_1_379' title='bbox 692 3880 802 3931; x_wconf 76' lang='lat' dir='ltr'><strong>nouiter</strong></span> <span class='ocrx_word' id='word_1_380' title='bbox 822 3880 859 3930; x_wconf 86' lang='lat' dir='ltr'><strong>ad</strong></span> <span class='ocrx_word' id='word_1_381' title='bbox 881 3879 1068 3930; x_wconf 77' lang='lat' dir='ltr'><strong>obedientiam</strong></span> <span class='ocrx_word' id='word_1_382' title='bbox 1089 3879 1233 3931; x_wconf 79' lang='lat' dir='ltr'><strong>Ecclesiae</strong></span> <span class='ocrx_word' id='word_1_383' title='bbox 1250 3882 1397 3931; x_wconf 78' lang='lat' dir='ltr'><strong>Romanae</strong></span> <span class='ocrx_word' id='word_1_384' title='bbox 1417 3891 1453 3928; x_wconf 80' lang='lat' dir='ltr'><strong>re-</strong></span> 
     </span>
     <span class='ocr_line' id='line_1_41' title="bbox 340 3967 1453 4036; baseline -0.005 -16"><span class='ocrx_word' id='word_1_385' title='bbox 340 3988 443 4024; x_wconf 74' lang='lat' dir='ltr'><strong>nnereo</strong></span> <span class='ocrx_word' id='word_1_386' title='bbox 462 3970 584 4036; x_wconf 85' lang='lat' dir='ltr'><strong>gratiam</strong></span> <span class='ocrx_word' id='word_1_387' title='bbox 596 3971 688 4024; x_wconf 85' lang='lat' dir='ltr'><strong>iacere</strong></span> <span class='ocrx_word' id='word_1_388' title='bbox 707 3969 867 4036; x_wconf 89' lang='lat' dir='ltr'><strong>specialem,</strong></span> <span class='ocrx_word' id='word_1_389' title='bbox 881 3969 1060 4036; x_wconf 84' lang='lat' dir='ltr'><strong>auctoritate</strong></span> <span class='ocrx_word' id='word_1_390' title='bbox 1079 3968 1134 4021; x_wconf 90' lang='lat' dir='ltr'><strong>tibi</strong></span> <span class='ocrx_word' id='word_1_391' title='bbox 1155 3968 1312 4036; x_wconf 88' lang='lat' dir='ltr'><strong>apostolica</strong></span> <span class='ocrx_word' id='word_1_392' title='bbox 1329 3967 1453 4028; x_wconf 77' lang='lat' dir='ltr'><strong>indulge·</strong></span> 
     </span>
     <span class='ocr_line' id='line_1_42' title="bbox 342 4063 1150 4126; baseline -0.005 -13"><span class='ocrx_word' id='word_1_393' title='bbox 342 4077 439 4126; x_wconf 81' lang='lat' dir='ltr'><strong>emus,</strong></span> <span class='ocrx_word' id='word_1_394' title='bbox 460 4063 540 4112; x_wconf 72' lang='lat' dir='ltr'><strong>etc.»</strong></span> <span class='ocrx_word' id='word_1_395' title='bbox 1148 4114 1150 4118; x_wconf 60' lang='grc'>,</span> 
     </span>
    </p>

    <p class='ocr_par' dir='ltr' id='par_1_8' title="bbox 341 4145 1453 4305">
     <span class='ocr_line' id='line_1_43' title="bbox 411 4145 1453 4221; baseline -0.008 -21"><span class='ocrx_word' id='word_1_396' title='bbox 411 4146 452 4221; x_wconf 76' lang='lat'><strong>(2)</strong></span> <span class='ocrx_word' id='word_1_397' title='bbox 471 4148 614 4212; x_wconf 78' lang='lat' dir='ltr'><strong>Eugenius</strong></span> <span class='ocrx_word' id='word_1_398' title='bbox 633 4148 682 4200; x_wconf 89' lang='lat' dir='ltr'><strong>IV.</strong></span> <span class='ocrx_word' id='word_1_399' title='bbox 699 4148 729 4197; x_wconf 91' lang='lat' dir='ltr'><strong>in</strong></span> <span class='ocrx_word' id='word_1_400' title='bbox 748 4147 952 4200; x_wconf 88' lang='lat' dir='ltr'><strong>constitutione</strong></span> <span class='ocrx_word' id='word_1_401' title='bbox 971 4148 1140 4199; x_wconf 77' lang='lat' dir='ltr'><strong>Benedictus</strong></span> <span class='ocrx_word' id='word_1_402' title='bbox 1157 4147 1195 4198; x_wconf 81' lang='lat' dir='ltr'><strong>eit</strong></span> <span class='ocrx_word' id='word_1_403' title='bbox 1213 4148 1288 4198; x_wconf 83' lang='lat' dir='ltr'><strong>Deae</strong></span> <span class='ocrx_word' id='word_1_404' title='bbox 1301 4145 1333 4198; x_wconf 90' lang='lat' dir='ltr'><strong>iu</strong></span> <span class='ocrx_word' id='word_1_405' title='bbox 1344 4145 1453 4199; x_wconf 80' lang='lat' dir='ltr'><strong>Latera-</strong></span> 
     </span>
     <span class='ocr_line' id='line_1_44' title="bbox 341 4233 1451 4305; baseline -0.007 -15"><span class='ocrx_word' id='word_1_406' title='bbox 341 4239 424 4290; x_wconf 91' lang='lat' dir='ltr'><strong>neusi</strong></span> <span class='ocrx_word' id='word_1_407' title='bbox 437 4236 630 4305; x_wconf 86' lang='lat' dir='ltr'><strong>prosecutione</strong></span> <span class='ocrx_word' id='word_1_408' title='bbox 644 4233 757 4286; x_wconf 89' lang='lat' dir='ltr'><strong>concilii</strong></span> <span class='ocrx_word' id='word_1_409' title='bbox 768 4235 929 4288; x_wconf 79' lang='lat' dir='ltr'><strong>Florentini</strong></span> <span class='ocrx_word' id='word_1_410' title='bbox 939 4234 1031 4304; x_wconf 79' lang='lat' dir='ltr'><strong>(Edit.</strong></span> <span class='ocrx_word' id='word_1_411' title='bbox 1047 4235 1213 4290; x_wconf 72' lang='lat' dir='ltr'><strong>Iustiniani</strong></span> <span class='ocrx_word' id='word_1_412' title='bbox 1221 4236 1361 4304; x_wconf 53' lang='lat' dir='ltr'><strong>papati)</strong></span> <span class='ocrx_word' id='word_1_413' title='bbox 1371 4247 1451 4299; x_wconf 73' lang='lat' dir='ltr'><strong>agens</strong></span> 
     </span>
    </p>
   </div>
   <div class='ocr_carea' id='block_1_6' title="bbox 0 0 1518 4672">
    <p class='ocr_par' dir='ltr' id='par_1_9' title="bbox 0 0 1518 4672">
     <span class='ocr_line' id='line_1_45' title="bbox 0 0 1518 4672; baseline 0 0"><span class='ocrx_word' id='word_1_414' title='bbox 0 0 1518 4672; x_wconf 95' lang='lat' dir='ltr'><strong> </strong></span> 
     </span>
    </p>
   </div>
  </div>
 </body>
</html>
