3018 4672
299 113 344 182 80
589 137 628 180 nr
651 134 784 182 enatans
806 131 980 178 aconssmu
1002 129 1127 176 cnerrrs

303 247 393 316 modi
418 253 622 337 potestatem
646 270 706 314 seu
730 246 856 314 donum
880 244 918 311 in
942 243 1016 310 suis
1040 240 1253 332 patriarchis
1270 264 1416 330 agnove-

302 361 397 436 runt,
416 372 621 422 cumeorum
638 352 872 422 decisionibus
888 373 1020 440 semper
1036 348 1279 440 acquieverint
1294 370 1417 438 easque

303 460 394 528 omni
420 459 603 528 alacritate
627 461 846 550 susceperint
869 465 974 550 atque
998 456 1277 525 observaverint.

368 567 464 636 Idem
488 569 559 636 fere
583 567 767 636 dicendum
790 567 831 635 de
854 565 1141 654 Jacobitis,apnd
1165 569 1320 654 quos,ut
1335 561 1416 630 alibi

305 675 516 759 notavimus,
542 699 583 743 ex
610 699 676 768 qno
699 675 891 744 Ecclesiam
923 673 1131 743 catholicam
1163 671 1417 752 deseruerunt,

306 782 442 850 nullum
467 783 651 852 concilium
669 783 826 851 habitum
851 789 916 850 est.
941 781 1051 848 Estne
1069 802 1149 848 vero
1164 779 1347 861 credibile,
1363 799 1418 866 per

303 897 414 959 totum
440 895 494 957 tot
516 889 731 958 saeculorum
756 889 909 979 spatium
934 911 991 956 eos
1014 887 1114 955 nulla
1135 888 1229 956 circa
1245 885 1353 953 fidem
1366 884 1418 951 de·

305 998 433 1066 cisione
457 997 671 1086 indiguisse,
696 997 829 1064 nullam
854 997 947 1064 circa
970 995 1111 1062 eandem
1135 994 1229 1062 iuter
1260 1015 1320 1060 eos
1345 1013 1417 1058 con·

304 1105 512 1174 troversiam
543 1111 697 1173 exortem
722 1103 819 1172 esse?
842 1104 1016 1172 Nimirum
1039 1091 1253 1171 Patriarcba
1281 1105 1420 1189 praesto

304 1219 392 1296 erat,
408 1213 468 1304 qui
493 1233 557 1279 sua
580 1210 790 1279 auctoritate
814 1231 985 1300 suprema,
1005 1211 1048 1278 ab
1072 1209 1228 1277 omnibus
1251 1210 1329 1276 suis
1354 1231 1419 1276 ma·

304 1319 398 1389 xima
421 1319 642 1388 veneratione
666 1321 872 1400 observata,
892 1319 1155 1388 occurrentibus
1179 1317 1321 1386 casibus
1346 1339 1419 1407 pro·

306 1427 452 1498 videret.

790 1533 848 1688 ’5.
866 1605 912 1674 Χ.

305 1775 435 1847 Summo
463 1775 624 1865 Pontifici
648 1777 804 1864 competit
822 1777 885 1864 ,ina
908 1782 1136 1865 cpiscoporum
1160 1778 1308 1844 omninno
1325 1776 1424 1845 Orbis

638 1883 829 1950 electionem
853 1882 1088 1970 confirmandi.

378 1993 532 2081 *dcitur
556 1993 610 2058 bic
634 1995 736 2058 ctiam
761 1990 801 2056 dc
823 1991 1051 2058 Institutione
1074 1990 1353 2059 Patriarcbcli.*

372 2180 550 2270 Quidquid
574 2182 621 2248 sit
645 2181 685 2249 dc
708 2181 860 2270 eligendi
883 2181 1059 2250 Ecclesiae
1088 2189 1244 2271 pastores
1267 2181 1424 2264 ratione,

306 2309 393 2381 quae
422 2288 528 2378 juxto
557 2293 748 2378 temporum
773 2289 1038 2358 consuetudines
1063 2290 1195 2358 variari
1220 2294 1358 2378 potest,
1387 2289 1426 2356 il·

304 2394 366 2463 lud
394 2395 566 2484 imprimis
596 2396 631 2464 in
656 2385 778 2464 ¹eorum
810 2397 1034 2465 institutione
1064 2397 1276 2466 considerari
1304 2398 1424 2478 debet,

215 2503 221 2516 '
306 2507 348 2570 ut
384 2504 519 2572 scilicet
556 2503 757 2572 electionem
795 2504 959 2572 canonica
994 2505 1208 2573 confirmatio
1243 2513 1425 2596 sequatur.

305 2608 469 2680 Jamvero
491 2620 642 2701 tempore
670 2637 736 2704 quo
759 2613 922 2681 Chaldaei
947 2612 1250 2681 nestorianismum
1274 2610 1427 2702 amplexi

306 2725 406 2802 suut,
440 2720 531 2790 idest
560 2729 711 2810 tempore
745 2722 883 2790 concilii
914 2722 1106 2812 Ephesini,
1140 2721 1305 2791 canonica
1336 2722 1428 2790 ratio
1494 2739 1495 2784 1

306 2828 538 2918 episcoporum
569 2829 770 2898 electionem
801 2829 1028 2898 confirmandi
1058 2835 1136 2898 crat
1166 2837 1206 2898 ut
1237 2851 1277 2897 ea
1310 2852 1333 2896 a
1361 2851 1427 2897 rne-

294 2936 492 3026 ¹tropolita,
526 2937 824 3026 metropolitarum
858 2944 973 3007 autem
1006 2962 1027 3005 a
1058 2937 1260 3028 patriarcba
1291 2938 1425 3006 ratiha-

305 3045 457 3113 beretnr.
487 3047 539 3114 At
562 3057 699 3136 praeter
715 3046 816 3128 hanc,
840 3068 926 3138 qnae
950 3047 1151 3115 immediata
1174 3045 1347 3136 appellari
1372 3068 1425 3136 po·

304 3158 395 3233 test,
425 3152 741 3235 confirmationem,
768 3153 880 3221 altena
910 3154 1046 3220 omniuo
1077 3153 1234 3220 omnibns
1264 3152 1426 3242 tempori·

307 3260 370 3327 bns
393 3260 553 3329 accedere
569 3259 669 3328 debet
692 3260 834 3350 majoris
859 3261 1020 3328 momenti
1041 3260 1255 3330 confirmatio
1271 3283 1311 3328 ex
1329 3265 1427 3349 parte

307 3364 467 3458 Supremi
496 3367 672 3437 Ecclesiae
707 3367 885 3451 Pastoris,
919 3369 1009 3438 idest
1040 3368 1187 3437 Romani
1224 3367 1424 3457 pontilicis,

308 3497 408 3566 quam
434 3478 570 3566 quidem
596 3475 887 3545 confirmationem
912 3477 986 3545 sive
1009 3499 1188 3566 expresse,
1220 3476 1295 3543 sive
1317 3476 1426 3544 tacite

308 3582 382 3670 ipse
415 3581 497 3652 tare
532 3591 657 3674 potest.
687 3585 825 3653 Etenim
850 3608 926 3654 cnm
950 3608 1125 3654 sacrorum
1149 3584 1352 3653 antistitum
1377 3584 1425 3651 in-

308 3690 449 3758 stitutio
481 3691 530 3759 sit
560 3715 616 3761 res
645 3693 785 3760 maximi
817 3693 997 3776 momenti,
1023 3716 1110 3786 quea
1140 3691 1341 3760 universale
1364 3690 1425 3758 Ec·

308 3793 434 3864 clasiae
468 3797 592 3864 bonum
623 3799 787 3888 respicit,
816 3822 952 3870 necesse
982 3807 1036 3868 est
1063 3810 1104 3868 ut
1133 3799 1170 3866 in
1202 3820 1242 3866 ea
1275 3795 1425 3886 supremi

306 3901 483 3980 Ecclesiae
514 3901 649 3994 Capitis
684 3907 876 3976 auctoritas
907 3907 972 3976 hac
1003 3907 1060 3976 vel
1092 3907 1156 3976 ille
1183 3905 1319 3976 ratione
1349 3926 1426 3996 par·

307 4019 376 4084 tem
401 4011 537 4082 habeat.
569 4013 612 4083 Id
635 4015 834 4084 Nestoriani
858 4016 1004 4086 mirifice
1028 4021 1258 4106 agnoverunt.
1287 4013 1425 4086 Etenim

274 4181 276 4191 .
308 4121 573 4210 intelligentes,
609 4145 651 4192 ex
687 4130 782 4190 recta
813 4128 990 4212 pastorum
1028 4123 1251 4193 institutione
1285 4142 1424 4211 pacem,
