3018 4672
303 58 350 126 84
591 80 632 126 na
655 79 787 126 innisus
810 79 983 126 nccnnsrnn
1005 80 1131 126 carmus

305 192 517 284 »episcopos
539 192 650 260 totins
680 192 835 262 Orientis
864 195 916 280 (1)
945 194 983 262 et
1014 193 1133 279 ultra,
1166 194 1323 284 regionis
1353 195 1418 263 As-

305 327 322 363 n
340 299 470 390 syriae,
496 298 629 368 Mediae
651 306 688 368 et
709 299 876 370 Persidis.
894 328 910 362 n
936 301 1050 392 Atqui
1070 301 1273 391 patriarcha
1295 302 1416 372 Nesto·

303 407 425 476 riauus
447 405 510 475 hoe
532 406 663 476 limites
686 406 756 476 cito
779 414 1062 497 praetergressus
1078 415 1143 493 est,
1160 431 1238 478 curn
1263 429 1349 478 suae
1362 409 1414 499 ju·

303 513 520 583 riedictionis
543 519 749 603 potestatam
772 537 814 583 ex
838 536 908 583 una
933 523 1032 606 parte
1062 516 1261 606 extonderit
1292 517 1340 586 ad
1363 517 1415 584 In·

304 619 392 704 dias,
410 619 619 705 Tartariam,
637 619 741 688 Sinas
763 621 1030 712 adjacentesque
1051 622 1222 712 regiones,
1239 645 1284 690 ex
1308 621 1416 692 altare

305 725 348 794 ad
372 725 524 815 Syriam,
540 725 787 812 Palaestinam,
812 727 979 818 Cyprum,
997 734 1064 798 etc.
1083 728 1147 817 (2).

369 833 424 902 Ex
456 833 513 901 his
541 833 698 902 omnibus
727 835 989 905 evidentissime
1018 835 1153 926 liquet,
1179 837 1416 926 patriarcham

304 941 553 1011 Chaldaeorum
568 940 601 1012 N
603 943 853 1012 estorianorum
873 943 1153 1032 jurisdictionem
1176 943 1277 1012 illam
1297 944 1339 1012 in
1355 945 1417 1036 epi·

305 1074 482 1143 scoporum
505 1051 730 1122 institutione
753 1051 902 1143 aliisque
917 1052 1165 1123 ecclesiasticis
1180 1053 1338 1144 negotiis
1352 1075 1417 1121 uon

305 1180 374 1252 qua
385 1157 620 1250 patriarcham
630 1160 838 1244 exercuisse,
853 1159 912 1230 sed
925 1181 994 1252 qua
1010 1183 1179 1230 summum
1194 1161 1416 1231 Nestoriano

304 1292 380 1338 rum
403 1265 610 1357 pontificem,
638 1265 725 1334 June
740 1266 855 1356 igitur
877 1267 1001 1336 merito
1019 1267 1219 1352 asserimus,
1231 1267 1419 1337 Chaldaeis

304 1373 525 1446 Nestorianis
547 1373 709 1459 testibus,
724 1375 863 1444 Summo
878 1375 1057 1446 Ecclesiae
1072 1376 1234 1446 Pontifici
1249 1377 1312 1465 jus
1330 1401 1417 1446 com-

304 1490 419 1574 petere
442 1483 480 1550 in
496 1487 646 1552 omnium
663 1483 900 1573 episcoporum
917 1486 1010 1552 orbis
1031 1485 1255 1554 institutione
1283 1492 1420 1575 partem

305 1613 402 1660 suam
413 1590 575 1676 habendi,
586 1589 709 1660 saltem
717 1614 778 1681 per
790 1613 907 1661 eorum
919 1589 1098 1662 electionis
1110 1591 1416 1662 confirmationem.

319 1771 323 1774 .
370 1699 453 1770 Post
467 1699 551 1769 haec
567 1699 618 1770 eic
629 1699 891 1769 ratiocinamurz
917 1699 957 1769 Si
972 1699 1183 1771 Nestorisue
1199 1700 1291 1768 falsa
1313 1702 1429 1771 eccle·

305 1807 359 1876 sia
380 1805 417 1874 in
440 1827 502 1874 sno
525 1828 655 1874 summo
678 1805 792 1895 capite
807 1812 882 1874 tum
895 1806 975 1894 jure
989 1791 1065 1876 tum
1081 1807 1175 1876 facto
1198 1809 1351 1896 agnovit
1361 1809 1421 1898 jus

305 1937 402 1984 suam
425 1935 620 2004 supremam
639 1919 773 2003 partem
792 1916 831 1982 in
849 1915 1088 2006 episcoporum
1111 1913 1336 1984 institutione
1362 1916 1420 1985 ha

304 2021 417 2106 hendi,
443 2021 526 2113 quid
556 2021 737 2092 dicendum
759 2021 829 2091 erit
858 2021 900 2091 de
923 2023 1096 2092 catholica
1125 2023 1305 2107 Ecclesia,
1332 2047 1421 2116 quae

306 2149 409 2204 verae
431 2130 580 2198 unitatis
596 2129 670 2198 sola
687 2128 916 2220 archetypum
933 2132 1099 2220 praefert,
1118 2132 1285 2223 cujusque
1300 2138 1418 2222 caput,

305 2236 392 2328 ipsis
414 2236 601 2306 haereticis
623 2237 834 2322 fatentibus,
858 2237 939 2326 jure
962 2237 1083 2309 divino
1106 2239 1209 2308 habet
1233 2239 1421 2330 fastigium

305 2345 416 2416 totius
438 2344 693 2416 ecclesiasticae
715 2345 922 2436 potestatis?

318 2506 322 2510 -
371 2453 495 2522 Liceat
516 2452 629 2522 adhuc
652 2451 816 2522 insistere
838 2460 874 2522 et
896 2455 1135 2544 interrogare:
1153 2455 1192 2524 Si
1215 2455 1421 2526 Nestoriani

305 2584 374 2634 non
396 2561 605 2631 dubitarunt
627 2582 710 2631 suae
733 2567 847 2632 sectae
870 2584 1000 2630 summo
1023 2562 1192 2648 antistiti,
1212 2563 1272 2655 qui
1296 2585 1422 2634 revera

306 2670 444 2740 nonnisi
467 2669 612 2759 simplex
635 2669 856 2760 metropolita
881 2676 971 2754 erat,
990 2669 1047 2740 cui
1070 2691 1115 2738 an
1138 2670 1354 2762 primatialis
1371 2673 1420 2742 di·

306 2779 426 2870 gnitas
449 2777 605 2866 legitime
628 2779 676 2846 sit
697 2799 868 2864 concessa,
895 2779 1066 2848 incertum
1081 2782 1151 2862 eet,
1169 2779 1421 2868 patriarchalis

307 2890 423 2955 autem
436 2883 628 2954 auctoritas
645 2885 773 2976 placito
796 2886 937 2976 privato
963 2893 1018 2956 est
1040 2887 1134 2972 data,
1160 2887 1297 2978 plenam
1320 2877 1418 2979 ¹pote·

308 2999 433 3064 statem
455 2992 492 3060 iu
515 2991 749 3083 episcoporum
764 2993 987 3063 institutione
999 2993 1148 3085 aliisque
1172 2994 1420 3066 ecclesiasticis

307 3099 459 3192 negotiis
493 3099 587 3169 ultro
611 3101 820 3186 admittere,
846 3101 930 3192 quid
961 3100 1091 3192 (pudet
1124 3124 1186 3170 nos
1218 3101 1419 3191 hujusmodi

307 3209 495 3284 instituere
518 3206 792 3295 similitudines,
819 3208 1019 3279 cedrorum
1050 3209 1201 3279 conditio
1225 3209 1268 3279 ad
1292 3210 1329 3280 id
1357 3233 1418 3280 nos

308 3319 423 3409 cogit)
447 3315 530 3408 quid
553 3317 667 3387 facere
690 3340 757 3386 non
780 3317 905 3387 debent
927 3316 1112 3401 Catholici,
1138 3317 1241 3407 cujus
1266 3340 1417 3388 summus

308 3426 467 3498 sacerdos
489 3432 543 3497 est
565 3445 741 3496 successor
763 3425 805 3495 Β.
825 3425 923 3495 Petri
949 3425 1193 3516 Apostolorum
1227 3425 1415 3516 principis,

309 3557 412 3625 super
434 3555 533 3625 quem
557 3532 706 3603 fundata
720 3538 774 3602 est
788 3532 958 3618 Ecclesia,
975 3533 1100 3626 cuique
1116 3556 1240 3604 munus
1255 3533 1416 3626 pascendi

308 3665 418 3734 agnos
440 3649 477 3712 et
498 3665 580 3714 oves
602 3643 778 3713 aOhristc
801 3643 968 3712 collatum
984 3642 1063 3712 est?

338 3811 340 3814 ⁵
378 3822 421 3900 (1)
435 3825 532 3880 Oriem
548 3827 580 3879 in
600 3841 647 3880 ore
665 3825 1114 3894 Syro-Chaldaeorumsignifleat
1131 3827 1212 3880 illam
1231 3809 1413 3880 Romanorum

307 3919 436 3978 Orientis
453 3922 579 3986 portem,
603 3933 672 3985 quae
690 3918 850 3976 aluminis
870 3919 1035 3986 Euphratis
1046 3921 1096 3972 ora
1121 3918 1255 3973 sinistra¹
1270 3919 1359 3986 nique
1381 3914 1412 3971 ad

307 4008 453 4066 Persidem
471 4007 645 4061 extenditur.
726 4047 730 4058 ,
821 4057 825 4061 ,
860 4049 875 4056 ..
918 4051 919 4056 1
1094 4010 1097 4016 '
1253 4034 1254 4040 κ
1296 4015 1298 4020 “
1350 4013 1353 4018 ’

379 4095 421 4170 (2)
433 4096 498 4152 Vid.
512 4096 621 4152 Assem.
636 4095 713 4149 Reor.
734 4097 841 4150 oriem.
856 4101 879 4150 t.
893 4099 919 4150 3.
935 4100 1005 4165 pt.
1019 4111 1085 4166 pag.
1106 4097 1186 4152 706„
1211 4137 1219 4144 ..
1246 4139 1257 4144 .,
1269 4105 1282 4146 ,·
1327 4159 1329 4164 Ι
1351 4158 1354 4166 ,
