3006 4672
416 451 714 555 surrectus
741 485 817 560 111.

48 738 95 782 DE
129 737 232 783 SENSU
260 737 436 784 secuntus
466 737 748 784 succumbamus
778 739 872 786 claci
902 729 1200 786 subsecuturum*

214 845 391 909 patiturne,
421 846 510 895 QUEM
533 845 748 892 CHRISTUSJN
778 847 840 892 ΒΜ
869 847 1021 894 soonam

410 954 473 1000 PER
495 955 627 1000 Paruum
650 954 826 1001 runcatur.

122 1170 179 1238 Ex
203 1170 249 1239 iis
273 1195 361 1262 quae
384 1172 557 1262 superiori
587 1172 738 1242 articulo
769 1171 1050 1262 disputavimus,
1084 1174 1177 1240 certo

49 1278 189 1347 certius
212 1285 361 1365 constat,
377 1279 413 1347 in
435 1279 594 1348 Ecclesia
618 1279 891 1370 Syrochcldaica
914 1301 1046 1370 semper
1069 1277 1175 1353 exsti-

50 1387 144 1455 ‘cisse
167 1387 313 1472 firmam,
340 1395 513 1476 patentem
537 1394 640 1481 atque
664 1389 771 1457 altem
802 1388 995 1457 doctrinam
1017 1385 1177 1456 traditio-

51 1495 184 1578 nalem,
200 1495 291 1585 quod
313 1495 482 1564 Dominus
504 1502 622 1564 noster
645 1496 750 1565 Jesus
773 1495 982 1580 Christus,e
1005 1499 1101 1564 terra
1116 1494 1177 1562 mi·

53 1605 243 1690 graturus,
262 1607 343 1690 post
366 1623 402 1670 se
425 1607 460 1670 et
483 1601 538 1670 sui
555 1602 628 1671 loco
645 1603 831 1673 collocavit
845 1603 987 1670 Petrum
1003 1607 1179 1693 tamquam

52 1715 165 1797 caput
181 1709 323 1777 visibile
346 1731 428 1778 suae
450 1709 640 1790 Ecclesiae,
658 1721 700 1778 ut
722 1732 796 1778 eam
819 1710 969 1794 doceret,
995 1709 1175 1798 dirigeret,

55 1816 264 1900 sustineret,
281 1817 505 1905 gubernaret.
521 1816 545 1884 J
547 1823 600 1882 am'
625 1838 708 1886 vero
724 1819 850 1886 Petrus
873 1815 1066 1886 moriturus
1088 1819 1175 1908 erat3

53 1923 220 1993 Ecclesia
242 1931 369 2009 autem,
388 1947 492 2014 super
515 1947 593 1994 eum
616 1925 776 2009 fundata,
803 1925 902 1994 debet
918 1945 1054 1992 manere
1070 1947 1178 2015 usque

55 2031 102 2100 ad
128 2031 456 2100 consummationem
481 2031 591 2100 seculi
616 2031 677 2118 (1).

125 2137 265 2206 Mortuo
287 2139 403 2223 Petro,
430 2137 616 2207 debebatne
631 2138 801 2224 Ecclesia,
821 2162 908 2231 quae
924 2139 968 2207 ab
983 2161 1022 2208 eo
1037 2137 1180 2207 vivente

55 2255 237 2339 tamquam
261 2246 374 2335 capite
401 2248 600 2336 regebatur,
626 2247 699 2314 sine
731 2247 845 2336 capite
876 2246 1081 2316 remanere?
1103 2247 1180 2314 Uno

56 2357 180 2440 verbo,
205 2354 369 2424 Christus
393 2355 454 2448 qui
477 2356 665 2445 primatum
689 2357 725 2424 in
749 2355 907 2424 Ecclesia
930 2354 1102 2438 instituit,
1121 2376 1178 2423 vo-

55 2466 173 2533 luitne
196 2473 237 2531 ut
259 2463 324 2557 hic
341 2465 518 2554 primatus
536 2469 673 2532 tantum
696 2463 842 2533 duraret
858 2469 1025 2554 quantum
1042 2462 1181 2532 viveret

56 2571 205 2642 Pet-rus?
221 2571 261 2640 Si
270 2571 411 2640 Christi
426 2573 470 2642 ad
486 2571 618 2642 coelum
630 2571 778 2660 profecti
791 2571 887 2640 sedes
901 2577 1145 2660 superterram
1159 2591 1181 2636 a

56 2683 165 2750 Petro
196 2681 358 2771 occupari
382 2681 502 2750 debuit
525 2676 679 2771 (1111),
706 2680 844 2749 credine
867 2683 982 2770 potest
1005 2701 1078 2747 eam
1101 2685 1180 2767 post

57 2787 162 2856 Petri
186 2789 318 2857 obitum
342 2789 500 2858 debuisse
524 2811 669 2859 vacuam
685 2788 850 2880 relinqui,
866 2793 903 2856 et
918 2809 1026 2877 usque
1041 2785 1086 2854 ad
1103 2809 1179 2855 con-

58 2896 326 2965 summationem
349 2898 457 2966 seculi
481 2921 502 2964 a
524 2899 659 2966 nemine
687 2897 875 2987 occupari?
908 2896 947 2965 Si
970 2897 1097 2964 Petrus
1125 2894 1177 2962 vi·

59 3028 149 3076 vens
161 3027 222 3094 per
230 3025 327 3072 suam
336 3007 581 3075 auctoritatem
593 3004 767 3075 divinitus
777 3003 834 3072 illi
845 3005 1012 3073 traditam
1021 2999 1086 3090 (ΙΙ,
1096 3006 1180 3088 etc.)

57 3123 167 3203 atque
189 3134 362 3201 persuum
384 3111 487 3184 fidem
511 3113 566 3202 (Ι,
584 3112 638 3200 Ν,
653 3118 739 3200 etc.)
756 3111 930 3182 sustinere
955 3111 1099 3178 debebat
1114 3109 1178 3176 Ec-

59 3221 217 3304 clesiam,
235 3223 362 3308 ergone
378 3244 416 3290 eo
430 3227 565 3290 mortuo
582 3223 718 3291 visibili
735 3224 1009 3290 sustentamento
1025 3216 1181 3287 cariture

60 3333 142 3400 erat
163 3328 344 3398 Ecclesia?
368 3329 407 3398 Si
430 3329 555 3398 Petrus
577 3331 758 3420 regiminis
793 3349 898 3398 causa
913 3323 1033 3415 (ss,
1052 3321 1180 3410 000)

61 3439 197 3507 electus
212 3441 249 3505 et
265 3437 476 3506 constitutus
492 3443 546 3506 est
562 3444 667 3528 caput
682 3439 833 3506 fratrum
849 3457 1002 3519 suorum,
1013 3433 1181 3526 numquid

61 3569 102 3615 eo
126 3549 262 3612 mortuo
285 3545 359 3613 sine
377 3545 546 3634 regimine
563 3563 765 3616 remansura
781 3549 857 3614 erat
871 3541 1031 3612 Ecclesia
1046 3542 1090 3610 ab
1105 3542 1180 3632 ipsc

62 3651 240 3723 fundata?

133 3761 174 3830 Si
196 3760 359 3830 Christus
383 3784 487 3851 super
510 3761 696 3853 Apostolos
719 3783 811 3846 suos,
838 3758 1019 3830 duodecim
1041 3762 1181 3826 tantum

63 3891 222 3952 numero,
237 3870 363 3960 quibua
379 3869 522 3960 speciali
538 3869 636 3938 modo
659 3874 695 3938 et
706 3868 916 3959 singillatim
933 3865 1088 3956 Spiritus
1104 3887 1181 3933 san·

65 3978 114 4048 cti
137 3978 290 4066 gratiam
314 3977 486 4064 contulit,
514 3978 639 4070 quibus
662 3983 775 4048 totum
803 3977 917 4044 orbem
947 3979 1120 4043 terrarum
1144 3974 1182 4041 in

137 4207 180 4287 (1)
199 4213 370 4268 mactmus.
