3006 4672
439 159 482 206 nx
507 159 644 222 noeros.
663 161 738 222 cnr,
758 155 872 206 rusco.
1173 137 1216 206 23

93 269 241 339 ritatem
254 293 327 338 csse
340 271 462 340 debere
478 274 522 339 ab
541 273 657 342 codem
676 273 717 341 B.
739 275 836 342 Petri
856 296 1020 364 personae
1031 273 1214 370 collatam,

94 386 138 446 ut
161 400 238 446 eam
253 377 423 468 legitimis
440 381 697 448 successoribus
712 381 979 468 transmitteret;
998 388 1036 449 at
1052 405 1128 448 cum
1150 380 1177 446 ii
1200 402 1217 448 e

94 485 180 570 sinu
193 508 295 554 verae
306 485 483 555 Ecclesiae
499 488 636 577 expulsi
649 497 775 573 essent,
790 488 880 557 hanc
896 511 1089 578 supremam
1102 493 1218 555 aucto-

93 593 241 662 ritatem
264 616 346 661 suae
371 599 483 663 sectae
506 595 615 684 capiti
639 595 750 662 tribui
774 619 872 684 posse
885 596 1063 665 haeretica
1080 595 1219 662 insania

93 702 282 790 putabant.
300 701 447 768 Interim
471 702 555 793 quid
579 702 711 771 clarius
740 702 810 771 dici
834 711 949 792 potest
980 704 1024 773 ad
1048 703 1219 771 affirman-

96 810 182 877 dum
202 809 460 898 jurisdictionis
483 816 519 877 et
542 811 739 898 magisterii
755 811 943 900 primatum
959 833 980 878 a
996 811 1134 878 Christo
1158 830 1219 898 per

94 917 242 985 Petrum
265 917 302 984 in
326 917 484 986 Ecclesia
508 918 731 986 institutum?

69 1107 71 1110 Ι
166 1025 302 1106 Quibus
321 1025 531 1093 concordant
552 1048 639 1116 quae
660 1025 835 1116 Georgius
855 1027 1140 1096 Nestorianorum
1160 1046 1218 1114 pa-

95 1131 258 1200 triarcha
270 1130 307 1198 in
319 1130 468 1220 epistola
480 1131 523 1198 ad
534 1131 691 1199 Mennam
707 1131 988 1222 chorepiscopum
998 1132 1047 1218 (1)
1062 1131 1215 1220 scripsit:

99 1239 159 1308 αὖ
161 1261 241 1308 esus
264 1249 304 1308 ut
328 1263 388 1307 rex
413 1245 574 1308 aeternae
601 1240 735 1329 gloriae
751 1247 787 1310 et
803 1241 962 1309 dominus
979 1241 1065 1308 coeli
1090 1247 1126 1307 et
1148 1246 1217 1307 ter·
1251 1243 1393 1317 lma

99 1375 115 1411 n
134 1371 209 1433 rae,
225 1348 340 1416 claves
356 1348 412 1415 sui
426 1349 527 1437 regni
540 1349 672 1417 Simoni
685 1349 797 1417 tradit
813 1373 952 1418 suorum
966 1347 1217 1436 discipulorum

98 1484 114 1518 n
135 1457 258 1548 capiti,
285 1480 384 1548 quern
414 1456 556 1525 Petrum
579 1457 754 1547 appellat,
781 1458 905 1548 cuique
928 1462 1134 1548 potestatem
1158 1458 1219 1526 dat

98 1567 276 1656 »ligandi
299 1587 338 1634 ao
362 1565 518 1634 solvendi
541 1565 577 1632 in
601 1573 698 1633 terra
721 1569 757 1632 et
779 1566 816 1632 in
840 1566 978 1634 coelos
1178 1654 1181 1662 1

165 1676 371 1746 Recolamus
399 1673 504 1742 etiam
534 1676 640 1744 verba
664 1675 824 1744 historici
847 1677 948 1744 Amri
970 1676 1140 1745 Matthaei
1169 1676 1218 1763 (2)

96 1807 209 1876 supra
230 1780 367 1871 (ΙΙΙΙ)
382 1781 505 1866 relata,
525 1805 601 1849 cum
619 1781 660 1849 de
675 1781 853 1871 Apostolis
870 1784 906 1850 in
922 1806 1046 1872 genere
1061 1783 1217 1874 loquens,

96 1893 185 1962 haec
210 1891 301 1962 dixit
323 1891 365 1960 de
385 1913 501 1959 eorum
517 1889 702 1958 Antistite:
721 1919 737 1954 c
755 1889 868 1980 Caput
884 1899 999 1958 autem
1014 1913 1130 1958 eorum
1143 1900 1221 1958 erat

100 2029 116 2064 ,e
138 2001 259 2070 Simon
271 1999 409 2083 Petrus,
422 1997 578 2066 SEDEM
590 1999 819 2084 (seuVlCES)
832 1997 1021 2069 CHRISTI
1035 1997 1219 2068 TENENS

99 2136 117 2172 n
133 2130 240 2198 super
250 2111 392 2176 terram.
408 2132 423 2168 n
436 2107 552 2197 Atque
565 2106 650 2176 haec
670 2130 712 2175 ex
728 2108 912 2178 Chaldaeis
925 2132 1017 2178 nunc
1031 2107 1217 2190 sufficiant,

98 2215 146 2282 ad
162 2213 468 2282 demonstrandum
485 2235 572 2304 quae
588 2215 699 2282 fuerit
715 2237 832 2283 eorum
856 2216 1031 2284 sententia
1054 2215 1147 2284 circa
1164 2215 1220 2282 do·

98 2329 155 2391 tes
175 2321 304 2412 quibus
321 2320 449 2388 Petrus
464 2341 485 2386 a
500 2318 641 2388 Christo
658 2321 807 2390 donatus
825 2323 907 2390 fuit.
927 2323 1011 2390 Alia
1028 2321 1222 2390 videbimus

97 2427 304 2499 testimonia
326 2428 417 2496 idem
441 2427 726 2514 demonstrantia,
745 2430 805 2498 ubi
825 2453 966 2518 agemus
990 2430 1031 2498 de
1054 2430 1221 2496 Itomono·
1315 2463 1317 2468 ,

99 2561 180 2612 rum
205 2535 412 2604 Pontificum
436 2535 603 2624 primatu.

168 2645 269 2728 Quod
293 2644 423 2713 attinet
446 2645 490 2712 ad
515 2645 624 2733 Syros
641 2645 841 2735 scriptores,
862 2644 974 2712 iinon
992 2645 1106 2712 minus
1124 2665 1220 2732 prae·

100 2757 200 2826 clara
222 2753 320 2822 nobis
344 2753 510 2841 praebent
532 2752 743 2821 testimonia.
769 2753 964 2822 Audiamus
986 2753 1113 2822 Mosam
1136 2753 1221 2820 Bar·

101 2861 258 2952 cepham,
278 2859 444 2928 celebrem
456 2859 696 2928 Jacobitarum
713 2860 886 2927 doctorem
903 2859 1012 2929 seculi
1028 2861 1093 2944 IX,
1108 2859 1168 2950 qui
1185 2859 1222 2926 in

101 2991 166 3046 suo
190 2989 290 3058 opere
314 2966 354 3032 de
377 2965 571 3034 Sacerdotis
589 2981 689 3034 tract.
716 2973 749 3034 2.
770 2991 844 3056 cop.
863 2973 896 3034 7.
917 2989 1023 3056 agens
1041 2967 1083 3035 de
1099 2967 1222 3035 divina

101 3073 279 3165 sapientia
301 3094 388 3164 quae
422 3073 577 3141 infirmos
601 3073 644 3140 ad
668 3074 899 3142 sacerdotium
932 3079 1056 3158 vocat,
1082 3075 1134 3140 ait
1157 3072 1219 3157 (3):

104 3182 220 3274 quse
243 3181 350 3250 etiam
373 3180 535 3250 christus
558 3204 626 3249 non
648 3181 800 3251 tradidit
821 3181 912 3250 illud
937 3181 1039 3267 (idest
1055 3204 1222 3248 summum
1255 3194 1318 3268 ss

176 3359 219 3437 (1)
239 3363 305 3418 (lod.
327 3365 445 3418 XXVII.
468 3380 535 3432 pag.
549 3364 611 3416 541.

175 3452 218 3529 (2)
235 3455 340 3508 Auctor
358 3454 414 3508 iste
434 3469 491 3508 non
510 3457 600 3508 solum
626 3455 703 3522 inter
722 3455 875 3509 historicos
904 3455 1058 3521 scriptores
1077 3453 1224 3506 numerari

104 3546 200 3611 debet,
221 3544 375 3598 sedetiam
396 3546 474 3598 inter
493 3545 649 3612 theologos,
671 3561 731 3600 cum
752 3561 820 3612 opus
843 3545 905 3612 ejus
919 3560 954 3598 ex
974 3559 1027 3610 quo
1048 3544 1225 3612 desumptum

104 3637 152 3690 est
170 3634 364 3698 testimonium
384 3635 415 3687 in
435 3638 517 3689 textu
535 3635 655 3689 citatum
674 3637 788 3702 praeter
806 3634 957 3688 historiam
976 3635 1121 3689 contineat
1140 3635 1226 3688 etiem

108 3725 287 3791 theologicas
306 3725 527 3794 disputationes.

178 3811 222 3886 (3)
237 3801 400 3868 ¹Pretiosum
420 3817 565 3884 exemplar
587 3815 674 3886 hujus
702 3816 797 3882 operis
825 3831 887 3870 cnm
913 3816 983 3869 eliis
1004 3816 1140 3869 hebemus
1160 3829 1226 3881 prae

106 3905 239 3958 menibus
257 3905 289 3957 in
308 3906 402 3958 codice
429 3907 627 3959 vetustissimo
655 3905 815 3972 pertinenti
844 3905 879 3958 ed
899 3906 1100 3958 monasterium
1120 3904 1227 3956 dictum

107 3993 290 4050 Sharfienum
311 3995 417 4054 Montis
436 3995 559 4062 Libani,
582 3995 631 4048 ubi
654 4010 729 4048 nunc
753 3995 855 4048 existit
880 3995 1015 4060 Syrorum
1044 3994 1227 4048 seminarium

107 4085 252 4138 clericale.
273 4085 327 4138 Hic
345 4085 431 4140 codex
451 4101 524 4140 enno
545 4085 615 4138 1224
633 4089 770 4138 excretus
790 4089 842 4138 est.
863 4086 954 4139 Locus
973 4085 1020 4139 hio
1038 4085 1070 4138 in
1089 4087 1171 4138 textu
1189 4083 1227 4138 ci·

107 4177 191 4228 tetus
211 4177 310 4228 exstet
327 4176 357 4230 in
377 4175 470 4230 codice
488 4177 733 4246 peg.103.eereo.
