3006 4672
326 135 370 203 28
714 157 755 202 nr
773 159 866 204 earu.
885 159 912 204 s.
926 159 1040 204 runai.

329 297 345 332 n
365 272 554 364 episcopum
569 269 691 339 audire
713 292 734 337 a
758 270 902 339 Domino
925 271 981 340 illi
995 272 1128 341 dietum
1149 281 1185 342 et
1199 277 1243 342 ab
1257 276 1331 366 ipso
1346 300 1429 346 acce·

329 403 346 440 n
363 383 462 467 ptum
477 375 515 445 id
527 377 617 469 quod
635 375 767 446 Simoni
787 377 891 463 dixit,
909 401 1048 469 nempe:
1066 379 1196 449 Beatus
1215 405 1264 469 es;
1286 383 1367 474 quia
1384 407 1427 453 me

329 486 541 556 econfessus
564 509 600 556 es
629 486 722 556 sicut
748 493 785 556 et
808 487 869 556 ille
887 510 948 578 per
963 495 1121 586 ὁμολογίαν
1136 490 1186 578 (1)
1207 515 1311 583 quarn
1330 517 1428 584 nuper

328 591 496 682 elegisti,
517 592 586 662 tibi
609 593 651 662 do
675 593 769 663 sicut
788 599 825 664 et
847 593 903 662 illi
926 593 1042 666 claves
1062 599 1165 687 regni
1190 599 1374 685 coelorum,
1397 607 1431 668 ut

328 701 453 794 equod
473 701 621 772 solveris
641 701 678 770 in
703 708 821 786 terra,
847 702 896 772 sit
916 703 1071 773 solutum
1093 705 1130 772 in
1158 705 1277 792 coelis,
1292 714 1389 776 etc.»

391 809 436 878 R.
453 808 646 901 Episcopus
658 809 763 899 juxta
774 817 934 879 auctores
952 810 1227 901 Syrochaldaeos
1235 815 1276 882 in
1290 839 1354 884 sua
1365 839 1430 884 con·

326 915 517 986 secretione
540 916 669 1007 accipit
692 916 830 1008 quidem
856 919 997 987 eandem
1018 941 1058 988 ac
1081 919 1207 990 Petrus
1221 929 1428 1012 potestatem,

326 1024 385 1092 sed
404 1024 549 1110 ordinis,
570 1047 638 1093 non
661 1047 744 1094 vero
764 1024 1034 1114 jurisdictionis.
1051 1027 1140 1096 Nam
1159 1037 1321 1100 auctores
1338 1031 1432 1121 Syro-

326 1131 485 1205 ohaldaei
516 1155 593 1200 curn
623 1133 818 1223 praecisum
847 1133 1038 1223 Evangelii
1066 1135 1179 1206 locum
1208 1138 1430 1230 investigant,

326 1263 393 1334 qno
407 1241 571 1312 Christus
593 1247 797 1332 potestatem
821 1243 954 1311 ordinis
970 1242 1177 1334 episcopalis
1193 1269 1255 1314 suo
1270 1269 1372 1316 sacro
1385 1271 1432 1316 ore

326 1351 426 1440 plena
444 1351 709 1441 significaverit,
731 1352 775 1420 ad
790 1349 893 1420 illum
911 1351 1039 1420 Matth.
1055 1352 1153 1421 XVI.
1172 1353 1225 1422 19.
1240 1361 1430 1442 recurrunt

326 1459 363 1527 in
386 1481 453 1550 quo
476 1464 591 1528 tamen
621 1459 695 1528 loco
726 1465 920 1548 agnoscunt
948 1460 1052 1528 etiam
1082 1463 1281 1550 praeclaras
1307 1463 1431 1554 praedi·

326 1567 399 1636 cari
425 1567 522 1636 Petri
545 1573 587 1636 ut
601 1566 848 1658 Apostolorum
864 1567 990 1658 capitis
1000 1575 1036 1637 et
1053 1571 1179 1638 summi
1191 1570 1365 1662 principis
1378 1573 1431 1640 Ee·

326 1673 451 1743 clasiae
474 1674 751 1764 praerogativas.
776 1675 876 1743 Unde
899 1681 1019 1764 patet,
1043 1675 1149 1764 juxta
1169 1675 1233 1746 hos
1256 1679 1433 1768 scriptores

325 1781 497 1871 duplicem
516 1805 578 1872 per
600 1780 665 1850 illa
691 1781 798 1850 verba
825 1781 1021 1870 significari
1048 1788 1271 1872 potestatem,
1296 1786 1433 1854 alteram

326 1889 477 1975 ordinis,
501 1889 538 1959 in
563 1911 630 1982 qua
649 1888 812 1979 Apostoli
837 1895 900 1958 nec
924 1912 993 1958 non
1016 1897 1051 1958 et
1072 1913 1188 1959 omnes
1211 1891 1368 1983 episcopi
1388 1917 1433 1962 aa·

325 1999 445 2092 quales
472 2003 567 2081 sunt,
593 1997 740 2068 alteram
763 2019 942 2088 supremae
962 1997 1219 2086 jurisdictionis
1244 2018 1349 2091 quae·
1366 2025 1434 2092 pro·

324 2107 402 2196 pria
424 2111 502 2175 erat
519 2106 624 2174 unius
646 2105 756 2190 Petri,
782 2106 1037 2174 successoribus
1060 2107 1136 2195 ejus
1156 2109 1433 2178 transmittenda.

325 2217 374 2284 Et
401 2237 493 2297 sane,
510 2213 627 2305 inquit
645 2213 798 2282 Joannes
825 2211 1048 2284 Barwahbun
1075 2215 1278 2304 patriarche
1305 2216 1437 2286 Jacobi·

324 2331 441 2392 tarum
455 2323 492 2390 in
508 2323 799 2390 sacramenrorum
815 2323 1038 2411 emporiticae,
1056 2346 1129 2411 cap.
1144 2327 1201 2390 29.
1220 2337 1288 2392 ort.
1307 2331 1361 2394 15.
1377 2325 1435 2411 (2):

328 2459 344 2494 c
362 2429 582 2515 Patriaroha,
600 2428 821 2520 metropolita
837 2435 871 2498 et
894 2429 1074 2521 episcopus
1093 2431 1130 2499 in
1144 2453 1313 2500 manuum
1337 2434 1440 2524 impo-

326 2541 499 2624 coitione,
525 2539 562 2606 in
586 2537 806 2606 invocatione
829 2537 985 2628 Spiritus
1002 2539 1114 2608 sancti
1142 2561 1229 2631 quae
1260 2563 1368 2631 super
1391 2543 1439 2618 eis

326 2651 475 2734 nfiunt,
505 2647 652 2738 deniqne
668 2646 706 2714 in
736 2646 936 2714 muneribus
952 2668 1040 2738 quae
1065 2647 1254 2738 accipiunt,
1278 2651 1440 2741 aequales

327 2784 343 2820 e
362 2763 455 2840 sunt,
471 2753 753 2846 quemadmodum
764 2752 889 2821 Petrus
904 2758 940 2822 et
952 2753 1104 2843 collegae
1119 2754 1196 2843 ejus
1206 2755 1372 2846 Apostoli
1389 2781 1441 2827 ae·

326 2891 343 2927 n
362 2862 514 2955 qualiter
526 2861 652 2929 donum
665 2859 822 2949 Spiritus
840 2859 953 2930 saneti
968 2867 1175 2950 occeperunt
1190 2869 1225 2930 et
1245 2864 1442 2934 sacerdotes

327 3000 343 3036 r
364 2968 549 3040 constituti
571 2973 664 3055 sunt;
690 2971 843 3036 attamen
866 2969 1046 3056 regiminis
1063 2992 1165 3036 ecura
1180 2970 1303 3038 Petrus
1319 2976 1442 3040 concri-

327 3093 457 3147 erutos
482 3091 531 3145 est
553 3090 655 3164 caprae
679 3075 886 3165 collegeram
909 3100 1091 3144 suoram.»

389 3187 474 3256 Post
495 3207 536 3256 ea
558 3206 645 3278 quae
667 3183 835 3252 hactenus
858 3183 1097 3268 dissernimus,
1120 3183 1258 3273 judicat
1272 3186 1442 3255 candidus

323 3296 460 3382 Lector,
480 3302 597 3364 utrum
621 3299 675 3362 tot
697 3298 732 3360 et
747 3297 819 3360 tam
841 3291 995 3381 insignia
1010 3292 1224 3376 documenta,
1244 3314 1333 3382 quae
1349 3301 1442 3362 certe

323 3427 432 3496 neque
453 3401 739 3492 interpolationes
761 3400 1005 3484 Romanorum,
1030 3422 1140 3492 neque
1175 3399 1319 3490 spurius
1354 3399 1442 3469 Gra·

323 3510 413 3578 tiani
429 3511 543 3578 foetus
559 3515 653 3593 sunt,
672 3507 882 3577 sufficienter
906 3507 1103 3592 ostendant,
1122 3507 1314 3576 Ecclesiam
1339 3505 1440 3598 Syro·

324 3615 537 3685 chaldaicam
559 3616 707 3684 firmiter
731 3613 931 3699 credidisse,
957 3617 1098 3683 Petrum
1122 3614 1314 3705 apostolum
1331 3615 1442 3685 fuisse

324 3743 520 3812 supremum
551 3727 657 3810 caput
685 3722 886 3808 Ecclesiae,
920 3743 941 3788 a
971 3720 1113 3790 Christo
1144 3721 1375 3791 constitutum
1401 3721 1441 3792 ad

324 3851 398 3899 earn
421 3827 618 3914 docendam,
643 3831 851 3918 regendam,
877 3829 1093 3920 pascendam,
1112 3829 1385 3919 gubernandam.

394 4077 436 4154 (1)
455 4079 538 4132 Eidei
556 4079 759 4148 professionem
777 4097 794 4133 a
811 4081 998 4135 consecrando
1017 4081 1208 4137 emittendam.

398 4165 441 4241 (ἢ)
461 4167 529 4221 cod.
542 4169 683 4232 dhorfico.
704 4183 791 4236 sopra
809 4168 917 4222 laudat.
938 4185 1003 4236 pag.
1016 4169 1069 4224 411
1082 4185 1168 4224 orreo.
