3018 4672
302 117 367 183 11ss
759 139 919 181 srrnuorx
936 140 959 180 1.

302 251 517 340 simplicibus
540 251 738 348 pastoribus
761 273 822 319 suo
846 271 1002 339 supremo
1019 255 1055 318 et
1070 249 1262 318 universali
1276 247 1422 318 Pastori
1496 274 1497 279 ¹

302 361 339 423 ia
362 358 514 422 omuibus
537 358 810 446 obtemperaret,
836 377 982 446 quonam
1003 356 1085 444 jure
1107 355 1289 445 poteritis
1313 377 1421 425 suum

300 487 440 554 gregem
464 465 640 554 impedire,
666 487 709 532 ne
732 485 817 554 erga
839 464 952 553 ipsum
975 463 1091 532 eadem
1110 463 1246 532 ratione
1261 486 1297 532 se
1313 469 1422 554 gerat

301 595 339 640 ac
363 572 437 660 ipse
459 593 543 660 erga
566 594 666 639 suum
688 571 921 641 Antistitem?
945 571 1007 658 (1).

366 679 420 746 Ex
444 680 500 746 his
523 681 679 748 omnibus
704 679 952 763 concludimus,
971 679 1116 768 populos
1139 677 1420 768 Syrochaldaeos

300 811 368 855 non
396 811 495 876 posse
525 787 591 854 sibi
622 787 800 856 vindicare
834 786 1099 870 distinctiones,
1129 785 1198 854 nisi
1222 787 1305 856 illas
1329 809 1419 878 quas

301 897 424 963 summi
448 895 643 979 Pontifices,
670 895 790 963 habite
813 894 946 963 ratione
968 894 1189 963 necessitatis
1212 918 1252 966 ac
1277 895 1420 964 utilita-

301 1005 350 1071 tis
373 1003 561 1088 Ecclesiae,
586 1003 673 1093 ipsis
697 1004 842 1092 benigne
866 1005 1047 1073 concedere
1070 1003 1293 1095 voluntque
1317 1007 1353 1072 et
1376 1008 1421 1072 ut

195 1148 200 1157 »
301 1111 385 1178 illae
407 1118 654 1180 conserventur
678 1111 853 1200 digniores
870 1134 905 1180 se
920 1097 1081 1195 reddunt,
1100 1117 1136 1180 et
1151 1116 1192 1179 ut
1203 1117 1418 1201 augeantur,

302 1219 575 1289 benevolentiam
602 1217 702 1286 Sedis
725 1219 958 1308 Apostolioae,
988 1220 1018 1288 si
1045 1241 1161 1288 rerum
1187 1219 1358 1308 adjuncta
1381 1219 1421 1286 id

301 1325 494 1415 patiantur,
519 1325 682 1395 alliciunt
705 1326 768 1411 (2).

374 1541 417 1616 (l)
435 1544 548 1598 Confer.
569 1561 632 1611 pag.
648 1545 691 1611 62,
707 1544 750 1598 63.

316 1623 318 1630 Χ
374 1631 416 1706 (2)
434 1636 468 1685 In
487 1637 549 1687 tota
566 1635 618 1686 hac
637 1633 839 1700 disquisitione
859 1636 964 1686 nullam
979 1635 1128 1702 specialem
1142 1633 1357 1702 patriarchatus
1369 1634 1420 1686 ho-

304 1725 398 1776 dierni
417 1725 613 1777 Melchitarum
633 1725 832 1777 catholicorum
850 1726 1020 1777 mentionem
1047 1726 1140 1778 facere
1166 1723 1355 1790 credidimus,
1376 1727 1421 1776 ut-

305 1819 369 1882 pote
389 1815 447 1881 qui,
469 1831 655 1882 quamquam,
675 1819 708 1868 ut
727 1815 798 1868 alibi
818 1816 997 1883 notavimus,
1020 1819 1049 1867 et
1067 1816 1125 1882 ipsi
1146 1816 1212 1868 olim
1231 1814 1266 1868 ad
1286 1831 1420 1882 magnam

304 1904 539 1970 Syrcchaldaicaa
568 1905 668 1970 stirpis
696 1904 834 1957 familiam
860 1905 1057 1970 pertinerent,
1079 1903 1177 1957 multis
1197 1906 1293 1957 tamen
1313 1903 1421 1956 abhinc

305 1993 407 2044 seculis
426 1991 578 2044 Ecclesiam
598 1992 946 2058 constantinopolitanam
965 1992 995 2044 in
1013 1993 1141 2044 omnibus
1156 1991 1255 2058 secuti,
1270 1991 1349 2044 nihil
1359 1993 1420 2060 jam

305 2082 424 2148 amplius
452 2083 559 2134 habent
581 2083 732 2136 communis
750 2098 811 2136 cum
830 2083 932 2135 ceteris
951 2082 1181 2149 Syrcohaldaicis
1201 2081 1335 2150 populis,
1360 2081 1420 2136 nisi

305 2169 387 2222 fidem
406 2173 436 2221 et
452 2172 583 2237 patriam.
