3006 4672
527 169 570 216 rx
593 169 698 216 oreris
1128 149 1173 218 83

45 282 128 331 rum
156 263 302 353 synodo,
329 284 420 332 enno
450 264 517 331 588
547 264 611 333 sub
630 263 822 354 Jeshujabo
853 264 1056 352 patriarcha
1087 267 1172 338 cele·

48 370 163 454 brata,
190 371 252 438 nbi
275 371 320 439 ad
343 371 568 439 astruendam
593 370 837 454 obedientiam,
863 372 906 438 ab
931 370 1088 440 omnibus
1111 374 1174 442 uni

48 474 231 545 Ecclesiae
252 500 384 546 summo
396 476 526 568 Capiti,
548 478 737 548 secundum
757 498 815 546 eos
833 484 950 547 eutem
972 500 1089 548 eorum
1116 502 1174 570 pa·

55 582 233 652 triarchas
246 585 397 676 quierat
412 609 475 674 pro
488 584 534 655 iis
550 608 704 675 summus
720 586 892 670 sacerdos,
908 585 1072 672 debitam,
1090 587 1175 658 haee

55 689 153 758 diota
172 696 268 759 sunt:
286 691 611 774 «Quemadmodum
630 715 699 760 non
713 691 798 762 lieet
812 693 1042 783 presbyteris,
1060 694 1175 765 archi·
1206 689 1332 762 lllllo

54 797 331 885 »presbyteris‚
359 798 415 868 vel
439 797 694 888 chorepiscopis
717 799 871 888 episcopi
896 801 1176 890 cooperatoribus

54 929 69 964 n
88 902 199 992 hujus
211 911 396 995 praecepta
412 911 448 974 et
459 905 678 974 definitiones
701 905 953 995 praetergredi,
969 929 1046 976 oum
1063 906 1094 974 is
1115 929 1176 978 au·

55 1037 69 1070 n
89 1011 293 1080 ctoritatem
316 1011 443 1082 habeat
459 1014 497 1080 in
514 1017 623 1082 totam
647 1012 838 1102 regionem;
859 1013 911 1081 sio
926 1035 993 1080 non
1008 1013 1094 1084 lieet
1108 1039 1177 1085 me·

54 1143 69 1176 n
89 1115 271 1206 tropolitis
294 1119 354 1210 qui
371 1119 574 1209 provincias
590 1120 842 1188 administrant
853 1141 915 1189 nec
930 1119 1101 1212 episcopis
1115 1123 1177 1214 qui

54 1249 70 1284 a
89 1221 305 1292 dioecesibus
321 1231 500 1314 praesunt,
514 1225 651 1316 jussum
668 1232 733 1294 aut
745 1225 946 1295 mandatum
959 1231 1022 1294 aut
1034 1227 1178 1296 decisio·

55 1357 71 1390 n
90 1351 167 1398 nem
180 1331 417 1420 patriarchae,
426 1338 567 1423 patrum
579 1331 767 1416 antistitis,
779 1332 839 1423 qui
851 1333 1013 1402 canonice
1023 1334 1178 1404 sacerdo·

54 1463 71 1496 n
89 1435 140 1504 tio
157 1438 337 1528 fungitur,
352 1438 543 1526 violare...;
556 1439 712 1532 alioquin
725 1439 913 1508 christiani
925 1461 1051 1530 greges
1064 1442 1180 1512 forent

55 1549 271 1635 „tamquam
294 1566 377 1614 oves
399 1550 539 1636 pastore
562 1546 809 1614 destitutae...
829 1545 888 1612 Sic
910 1545 1002 1613 enim
1027 1545 1180 1636 Spiritui

55 1677 72 1710 n
91 1656 215 1718 sancto
238 1649 374 1740 placuit
397 1674 512 1721 omnes
536 1653 675 1721 ordines
699 1673 911 1742 componere,
932 1658 974 1719 ut
989 1651 1038 1720 sit
1053 1652 1184 1724 UNUS·

55 1784 71 1818 η
90 1756 299 1827 OMNIBUS
310 1758 643 1844 PRAEPOSITUS,
655 1758 715 1850 qui
724 1745 1019 1828 etREGENTES
1030 1758 1093 1827 ΕΤ
1105 1759 1180 1828 RE-

55 1891 71 1924 a
92 1863 279 1935 GENDOS
298 1867 609 1958 REGAT,cuique
621 1889 736 1936 omnes
755 1866 945 1935 intrinsece
957 1867 1178 1952 cohaereant,

54 1998 71 2032 n
90 1971 187 2040 sicut
196 1971 420 2043 CORPORIS
432 1973 635 2043 MEMBRA
645 1973 817 2058 CAPITI,
828 1993 849 2040 a
862 1994 928 2064 quo
940 1971 1181 2062 intelligentia

55 2107 71 2140 n
91 2085 233 2148 emanat
246 2087 283 2150 et
298 2080 334 2148 in
351 2104 417 2174 quo
433 2082 566 2151 residet
581 2079 810 2164 sensibilitas,
829 2078 895 2148 illa
912 2077 1051 2170 quidem
1066 2077 1112 2147 ad
1128 2078 1180 2146 di·

56 2215 72 2250 n
91 2187 258 2278 rigendos
281 2189 389 2257 animi
406 2194 520 2258 motus
535 2194 571 2258 et
587 2187 818 2278 cogitationes
832 2209 875 2255 ne
891 2191 1079 2275 vagentur,
1094 2182 1181 2254 haee

57 2320 72 2354 n
92 2298 210 2361 eutem
225 2294 269 2363 ad
284 2293 527 2364 custodiendos
544 2285 698 2385 corporis
715 2314 835 2361 sensus
854 2301 890 2359 et
902 2311 1066 2381 corporea
1078 2313 1180 2360 mem·

57 2429 72 2461 n
92 2402 157 2468 bra
169 2423 211 2468 ne
223 2406 467 2470 nocumentum
479 2402 673 2493 patiantur.
685 2399 804 2470 Simili
816 2399 951 2468 ratione
963 2399 1007 2466 ab
1019 2397 1180 2468 eeclesia·

57 2535 72 2569 n
92 2529 174 2576 rum
197 2506 370 2576 ΟΑΡΙΤΕ
385 2508 509 2578 debent
524 2531 586 2599 per
597 2507 874 2596 intelligentiam
890 2527 1051 2574 emanare
1064 2505 1197 2595 digni-2

58 2619 191 2683 »tates
218 2613 462 2698 sacerdotales,
490 2616 533 2683 ab
555 2636 661 2707 eoque
684 2612 880 2682 transmitti
903 2616 1048 2701 paterno
1079 2611 1183 2696 (idest

56 2750 73 2784 a
91 2724 356 2810 auctoritativo)
379 2721 476 2791 modo
500 2719 747 2812 dispositiones
770 2739 857 2809 quas
872 2721 982 2786 totam
994 2716 1182 2807 rempubli-

58 2860 73 2894 a
93 2852 171 2901 cam
194 2829 431 2920 respiciunt.»

125 2939 228 3024 Sane,
253 2937 371 3028 inquit
393 2936 568 3026 Georgius
590 2933 795 3004 Arbelensis
817 2939 941 3002 auctor
972 2931 1103 3002 saeculi
1126 2931 1180 3001 X¹.

56 3050 92 3116 in
120 3046 323 3136 officiorum
338 3043 572 3125 distinctione,
600 3058 700 3111 tract.
718 3049 741 3108 2
757 3041 945 3130 oop,6(1):
974 3040 1088 3110 «Non
1105 3062 1182 3108 con·
1214 3033 1348 3109 FFF

59 3153 197 3224 »venit
220 3157 261 3222 ut
282 3151 409 3241 religio
432 3151 506 3219 sina
530 3174 660 3220 summo
685 3150 799 3240 eapite
822 3147 1005 3216 subsistat.
1024 3172 1040 3207 n

124 3260 182 3328 Ex
204 3259 262 3327 his
285 3258 443 3326 omnibus
465 3263 585 3348 patet,
611 3254 843 3325 Orientalium
859 3252 986 3320 animis
1009 3251 1181 3320 altissime

58 3365 253 3437 inhaesisse
276 3365 498 3448 sententiam,
512 3363 706 3434 Ecclesiam
729 3360 863 3429 Christi
887 3359 1033 3426 formam
1048 3377 1182 3426 monar-

60 3475 195 3545 chicam
207 3473 330 3542 debere
344 3473 536 3541 eminenter
551 3471 778 3562 praeseferre,
793 3472 836 3536 ut
851 3463 1041 3534 subsistere
1056 3463 1180 3554 possit.

61 3581 178 3676 Atque
204 3580 291 3648 haec
313 3579 401 3647 satis
432 3579 506 3647 sint
529 3578 570 3647 de
594 3577 712 3647 dictis.
742 3573 933 3644 Videamus
957 3593 1050 3641 nuno
1073 3571 1180 3680 facta.

130 3767 176 3843 (1)
195 3771 264 3825 cod.
279 3769 384 3824 XXXI.
405 3786 470 3836 pag.
485 3771 530 3823 99.
