3006 4672
495 171 538 216 nx
557 171 646 216 uren.
665 171 797 215 urruns.
1184 147 1205 212 9

82 308 99 344 n
117 279 284 369 (Christe)
296 281 437 352 audivit
448 287 495 366 te,
510 289 546 350 et
557 282 682 350 exinde
693 289 808 350 tecum
825 280 1011 348 confitetur
1022 279 1111 346 Eum
1132 301 1205 346 esse

82 414 99 452 n
117 387 252 456 Filium
270 389 348 457 Dei.
368 416 384 452 n
403 389 572 480 Denique:
591 389 750 457 «Beatus
768 411 815 473 es,
830 388 913 478 qnia
935 393 976 455 tu
993 387 1097 456 fuisti
1113 387 1207 455 sicut
1239 389 1285 461 x

82 523 100 558 a
114 505 224 586 caput
235 502 270 564 et
281 497 373 565 sicut
384 495 511 586 lingua
522 496 590 564 toti
602 497 738 586 corpori
748 496 897 564 fratrum
910 501 1062 563 tuorum.
1074 493 1206 584 Corpus

83 633 100 667 n
118 604 212 672 enim
228 627 270 672 ex
284 605 442 673 omnibus
465 604 649 694 discipulis
673 609 821 672 constat.
843 603 908 670 Cui
924 605 1088 692 (corpori)
1114 601 1206 670 oculi

84 738 99 773 a
120 711 211 780 facti
226 711 394 780 suntfilii
405 712 584 780 Zebedaei.
599 712 649 780 Hi
661 735 795 804 quoque
813 709 915 796 beati,
932 711 1016 802 quia
1027 733 1048 777 a
1060 709 1207 778 Domino

85 846 100 880 e
121 841 183 887 suo
198 819 378 908 petierunt
393 819 489 887 sedes
502 842 580 887 cum
596 819 710 888 sedem
723 818 881 887 viderint
893 818 1056 902 Simonis,
1072 817 1133 908 qui
1146 839 1207 905 per

84 953 100 987 n
119 927 366 996 revelationem
390 929 532 994 aPatre
547 929 747 1017 (acceptam)
763 932 910 998 vocatus
934 932 988 994 est
1004 927 1110 994 Petra
1135 925 1206 992 ine-

10 1101 15 1112 ,
84 1025 347 1103 electubilia.»

149 1141 228 1210 Non
249 1142 438 1210 dissimilia
460 1148 638 1211 canuntur
661 1144 704 1209 ab
727 1143 845 1210 eadem
868 1141 1028 1212 Ecclesia
1051 1142 1089 1208 in
1114 1141 1206 1208 festo

83 1247 127 1317 S..
141 1249 293 1316 Thomas
316 1249 476 1338 apostoli.
502 1249 590 1318 Nam
606 1249 643 1315 in
659 1247 746 1316 hora
767 1248 813 1315 Ι.·
834 1249 884 1335 (1)
908 1248 1053 1316 dicitur:
1076 1245 1204 1314 uOSi·
1237 1234 1283 1306 Y

86 1383 103 1417 n
122 1379 200 1423 mon
215 1357 380 1444 Barjona,
400 1357 431 1425 si
447 1379 499 1424 me
516 1357 650 1444 diligis,
666 1355 759 1422 dixit
771 1355 937 1424 Salvator
952 1359 1070 1424 noster
1087 1355 1203 1437 Petro,

86 1492 103 1525 n
122 1487 224 1554 pasce
247 1487 330 1534 oves
352 1487 456 1532 meas.
478 1464 653 1533 Mediocre
669 1485 730 1552 per
746 1464 849 1532 fidem
866 1486 964 1532 ovem
982 1485 1069 1554 quae
1086 1462 1209 1531 vulne·

87 1601 103 1634 n
119 1578 200 1640 rata
216 1573 339 1655 fuerit,
358 1580 394 1640 et
408 1595 470 1662 per
493 1573 717 1662 pharmacum
742 1573 833 1664 quod
856 1572 923 1639 tibi
947 1571 1026 1640 dedi
1050 1593 1136 1638 sana
1151 1591 1206 1638 ae·

86 1707 103 1742 n
121 1686 270 1769 grotam.
286 1707 303 1742 n
317 1680 366 1747 Et
378 1681 482 1769 paulo
504 1685 585 1748 ante
601 1679 733 1747 dicitur
749 1681 811 1768 (2);
834 1680 977 1762 «Quam
993 1679 1114 1747 suavis
1130 1685 1207 1747 erat
1235 1667 1275 1738 Ι
1357 1737 1360 1744 .

86 1817 103 1850 n
121 1811 189 1857 vox
213 1788 364 1872 Domini,
390 1811 467 1856 cum
492 1787 624 1856 Simoni
637 1770 888 1876 Apostolorum
905 1787 1015 1876 capiti
1031 1785 1134 1870 dixit,
1153 1808 1206 1852 sa-

38 1967 41 1974 ,
86 1925 102 1957 n
121 1895 313 1964 cordolium
336 1894 557 1984 significans:
581 1893 670 1962 Vide
694 1893 813 1962 Simon
835 1894 1001 1981 Barjona,
1028 1893 1117 1983 quod
1142 1915 1205 1980 ego

85 2033 101 2066 n
118 2003 279 2072 manibus
289 2003 364 2070 tuis
374 2001 508 2070 tradidi
521 2002 637 2070 claves
650 2001 736 2069 coeli
752 2007 788 2069 et
803 2008 930 2086 terrae,
949 2005 986 2068 et
1000 2000 1204 2068 thesaurum

85 2111 303 2180 „coelestem
326 2110 409 2194 (tibi
432 2111 639 2199 commisi).n
660 2109 727 2176 His
743 2109 874 2176 similia
897 2108 1071 2176 habentur
1094 2108 1132 2175 in
1156 2108 1204 2176 fe-

81 2219 167 2287 riali
177 2219 362 2289 Breviorio
374 2218 411 2286 in
424 2217 510 2286 hora
521 2217 603 2284 III.²
614 2217 758 2285 Sabbati
768 2216 830 2304 (3),
846 2216 906 2284 ubi
919 2215 1062 2284 dicitur:
1075 2215 1207 2298 «Quam
1238 2210 1331 2287 M

85 2355 100 2388 n
120 2328 245 2396 suavis
262 2334 339 2395 erat
354 2351 422 2396 vox
437 2326 577 2394 Domini
594 2349 671 2394 cum
686 2325 819 2394 Simoni
831 2325 1079 2414 Apostolorum
1097 2323 1207 2413 capiti

85 2461 99 2496 n
118 2433 226 2520 dixit,
242 2433 474 2502 sacerdotium
490 2433 706 2522 significans:
720 2432 810 2501 Ecce
827 2454 891 2520 ego
907 2437 942 2500 tc
959 2431 1133 2500 constituo
1148 2430 1206 2498 do·

85 2567 100 2601 a
119 2563 199 2608 mus
222 2542 341 2627 (meae)
366 2538 667 2629 patremfamilias,
686 2538 914 2627 manibusque
931 2537 1004 2604 tuis
1019 2536 1121 2603 trado
1137 2535 1206 2602 ola·

86 2676 100 2709 a
118 2671 182 2716 ves
205 2647 293 2716 coeli
316 2653 352 2715 et
373 2653 501 2732 terrae,
528 2653 569 2716 ut
588 2646 679 2735 liges
694 2645 875 2715 etsolvas.
895 2643 995 2726 Quod
1018 2643 1204 2731 ligaveris,

85 2778 184 2845 nego
207 2756 338 2844 ligabo;
357 2761 393 2824 et
417 2756 507 2846 quod
531 2754 691 2840 solveris,
717 2777 781 2842 ego
810 2753 955 2840 solvam;
984 2757 1120 2820 etcum
1145 2773 1207 2840 pro

85 2889 100 2922 u
119 2863 360 2950 peccatoribus
383 2863 552 2948 oraveris,
578 2861 747 2931 exaudita
770 2862 840 2930 erit
862 2862 975 2930 oratio
997 2866 1106 2928 tuan

150 2969 220 3039 Sed
243 2972 334 3062 quod
358 2971 509 3039 omnium
533 2973 681 3038 maxime
705 2970 920 3039 demonstrat
934 2969 1112 3038 Ecclesiae
1139 2968 1206 3056 Sy-

83 3078 200 3146 riacae
223 3101 360 3147 sensum
383 3079 478 3147 circa
501 3077 781 3168 praerogativas,
801 3099 888 3168 quas
911 3079 1038 3146 Petrus
1062 3075 1206 3144 institu-

83 3185 179 3253 tione
202 3186 325 3256 divina
348 3187 494 3276 accepit,
520 3192 575 3254 est
596 3185 783 3274 magnifica
806 3185 1018 3274 comparatio
1050 3204 1137 3273 quae
1169 3183 1206 3250 in

85 3292 185 3362 illius
207 3293 385 3363 Ecclesiae
414 3295 518 3363 libris
547 3294 730 3383 liturgicis
754 3293 957 3360 instituitur
979 3291 1206 3378 interipsum

85 3405 120 3466 et
141 3399 281 3486 Mosam,
301 3407 343 3468 ut
357 3400 437 3468 inde
461 3399 554 3468 clare
570 3406 702 3490 pateat,
719 3397 912 3468 Ecclesiam
929 3396 1113 3486 Syriacam
1129 3419 1205 3464 sen·

84 3505 167 3591 tire,
191 3508 282 3600 quod
306 3508 399 3577 sicut
420 3507 533 3579 Moses
556 3509 724 3598 antiquae
746 3505 838 3596 legis
855 3527 915 3573 seu
930 3503 1109 3574 Ecclesiae
1134 3504 1207 3572 fuit

85 3613 268 3684 institutor
284 3621 320 3684 et
343 3615 524 3700 fundator,
549 3615 601 3684 sic
623 3616 750 3683 Petrus
780 3636 902 3683 novae.
925 3612 993 3682 Sed
1023 3611 1206 3681 audiamus

86 3719 276 3792 Ecclesiam
308 3722 492 3810 Syriacam
512 3723 632 3812 ipsam
656 3721 741 3791 haec
765 3742 829 3790 sua
858 3721 984 3810 lingua
1013 3721 1205 3812 exprimen-

160 3994 198 4068 (1)
217 3997 284 4052 (iod.
300 3997 401 4051 LXIV.
422 4011 486 4063 pag.
506 3997 568 4048 183.

159 4082 198 4157 (2)
216 4087 334 4141 Ibidem.

160 4172 199 4247 (3)
217 4178 297 4229 Edit.
313 4179 392 4230 Rom.
408 4191 456 4230 an.
473 4175 552 4230 1853.
568 4190 632 4243 pag.
647 4175 710 4226 423.
