3006 4672
199 149 201 154 ·
305 107 348 175 52
653 131 693 172 on
718 129 796 174 nom.
814 130 909 174 sorr.
924 129 1070 173 enumero

306 268 323 303 n
340 246 415 310 tate
439 262 508 308 non
533 239 692 328 polleret,
718 247 845 309 temere
868 260 990 308 ausum
1015 262 1090 308 esse
1113 241 1286 328 synodum
1307 242 1419 308 facere
1487 270 1497 338 ·3

307 373 323 409 s
343 348 416 414 sine
433 347 643 414 auctoritate
657 346 866 436 apostolieae
883 346 983 414 Sedis
998 347 1175 414 Ecclesiae
1195 349 1384 414 Romanae.
1403 376 1417 410 n

305 455 428 523 Postea
461 453 551 522 idem
582 454 823 522 Barhebraeus
848 462 982 536 narrat,
1008 454 1184 538 Dioscoro,
1205 455 1313 543 juxta
1329 455 1420 543 lega·
1491 443 1492 448 ἵ

304 567 419 630 torum
445 561 675 629 Romanorum
704 561 929 645 voluntatem,
960 562 1021 650 jus
1055 562 1195 631 sedendi
1221 564 1258 630 in
1291 563 1420 652 synodo

305 668 511 757 denegatum
534 667 643 736 fuisse
667 667 730 756 (1).
1492 743 1494 768 ,¹

371 775 527 866 Denique
539 773 701 844 Chalced.
716 774 901 844 concilium
915 776 1130 864 praeclarum
1147 777 1352 865 suppeditat
1366 798 1421 843 no·
1493 785 1494 792 ’

306 873 359 950 bis
370 880 606 950 testimonium
619 881 660 950 de
672 881 902 949 Romanorum
919 881 1120 970 pontificum
1133 904 1295 970 suprema
1311 883 1350 950 in
1359 881 1421 950 Ee·
1492 889 1493 900 ¹

306 988 446 1056 clesicm
469 988 702 1074 auctoritate,
732 988 838 1076 juxta
862 1009 903 1056 ea
929 1010 1016 1078 quae
1039 987 1211 1057 habentur
1238 989 1277 1055 in
1299 1012 1422 1077 magno
1491 1019 1492 1084 3

306 1095 591 1164 Nestorianorum
607 1094 755 1184 Corpore
768 1095 862 1184 juris
881 1095 1121 1180 ecclesiastici,
1136 1098 1195 1164 ubi
1211 1097 1347 1165 dieitur
1360 1098 1420 1184 (2):
1491 1091 1497 1180 ,J

256 1204 275 1278 7
310 1201 575 1270 «Paschasinus
598 1206 633 1270 et
655 1200 846 1268 Lucentius
869 1201 1032 1291 episcopi,
1051 1202 1206 1272 Basilius
1221 1211 1257 1272 et
1274 1203 1422 1272 Senator
1491 1199 1492 1202 '

309 1335 325 1370 n
344 1309 540 1398 presbyteri
551 1309 648 1399 (quos
659 1308 778 1396 paullo
793 1323 873 1374 ante
887 1309 1016 1398 lepatos
1033 1311 1153 1378 Leonis
1164 1313 1344 1402 pontificis
1359 1313 1422 1378 Ro·

308 1419 437 1482 »mani
450 1440 516 1482 esse
539 1415 677 1482 dicarat
697 1419 840 1502 auctor),
854 1416 1031 1486 dixerunt:
1055 1417 1422 1502 SenotnsLeo,Eecle·

309 1550 325 1586 n
344 1523 416 1592 siae
427 1546 546 1592 curam
558 1546 682 1612 gerens
693 1531 729 1592 et
742 1524 852 1592 totius
869 1525 1031 1594 veritatis
1047 1526 1128 1594 fidei
1145 1548 1231 1617 quee
1247 1527 1292 1594 ad
1309 1527 1438 1594 omnia.

309 1653 417 1700 nsese
440 1631 607 1715 extendit,
626 1655 702 1700 cum
725 1632 909 1702 didicisset
932 1633 1212 1722 perturbationes
1235 1635 1330 1704 cirea
1351 1659 1423 1724 my·
1491 1711 1492 1720 ,

309 1766 325 1801 n
344 1739 490 1808 sterium
514 1739 768 1810 incarnationis
790 1741 931 1822 Domini
947 1744 1059 1811 nostri
1075 1745 1111 1811 in
1126 1743 1267 1812 Oriente
1282 1751 1424 1813 exortas
1492 1769 1493 1778 ¹

309 1867 429 1934 nesse,
455 1870 565 1937 nuper
589 1848 633 1914 ad
655 1848 876 1932 Flavianum,
904 1849 964 1940 qui
987 1855 1068 1917 ante
1091 1857 1227 1940 tempus
1254 1851 1423 1920 eeclesiae

309 1955 476 2043 sarajas)
497 1954 678 2044 episeopus
701 1961 789 2040 erat,
808 1955 950 2046 litteras
966 1956 1105 2025 misitn
1124 1959 1284 2046 Pergunt
1297 1958 1421 2048 legati:
1491 1963 1493 1996 ⁵

310 2060 531 2150 «Propterea
554 2083 645 2129 nunc
669 2062 742 2151 ipse
758 2061 898 2146 Leo,....
914 2062 1035 2151 jussit,
1058 2069 1099 2132 ut
1118 2064 1162 2131 ad
1186 2064 1279 2133 hunc
1308 2065 1423 2134 locum

231 2165 268 2192 ¹³²*
308 2193 324 2229 n
344 2189 459 2234 omnes
471 2167 696 2236 convenirent
711 2169 872 2258 episcopi.
894 2169 1083 2261 »Denique
1102 2199 1118 2234 a
1137 2170 1336 2240 Commouet
1348 2197 1421 2258 nos,
1492 2184 1493 2240 ἶ

308 2271 457 2360 najunt,
482 2273 609 2350 eximia
634 2295 697 2342 sua
720 2274 880 2359 caritate,
910 2282 952 2344 ut
975 2276 1024 2343 sic
1049 2298 1205 2365 agamus.
1234 2279 1366 2368 Nempe
1395 2280 1424 2347 si

309 2379 546 2465 n(Acatclics
571 2383 756 2470 episcopus)
779 2403 884 2450 manu
907 2404 970 2450 sua
994 2383 1191 2472 signaverit
1213 2385 1304 2454 hanc
1332 2409 1421 2476 quae

308 2487 450 2559 amissa
476 2493 531 2558 est
559 2487 741 2579 epistolam
767 2495 803 2557 et
832 2489 1031 2558 testimonia
1061 2513 1147 2581 quae
1182 2491 1238 2558 illi
1274 2493 1419 2582 conjun-

309 2601 401 2664 ncta
424 2603 507 2664 eunt
537 2597 589 2665 ita
622 2601 662 2664 ut
697 2595 782 2664 fides
812 2596 849 2666 in
880 2597 924 2664 iis
955 2597 1132 2666 declarata
1161 2621 1247 2690 quae
1279 2601 1421 2690 quidem

309 2729 325 2765 n
344 2725 474 2772 omnem
490 2704 647 2772 excludit
663 2702 924 2790 dubitationem,
943 2710 1085 2794 accepta
1113 2707 1240 2791 fucrit,
1268 2708 1423 2796 gratiam

309 2838 326 2873 n
345 2831 432 2902 quae
454 2819 509 2878 est
537 2833 579 2878 ex
614 2811 700 2880 Sede
731 2811 922 2902 apostolice
951 2813 1020 2902 ipsi
1049 2813 1311 2903 impertiamur,
1345 2838 1423 2883 cum

310 2917 419 3008 nipse
459 2919 549 2985 sciat
586 2918 712 2986 Leonis
752 2920 1019 2988 communionem
1058 2943 1117 3010 per
1153 2923 1423 2994 communionem

309 3028 497 3092 »nostram
532 3025 576 3094 ad
608 3047 643 3092 se
672 3025 839 3094 derivari.
871 3027 1020 3117 Insuper
1058 3028 1131 3117 ipse
1168 3035 1268 3118 pater
1302 3037 1423 3098 noster
1496 3103 1497 3128 ,

309 3131 413 3199 nLeo
436 3130 573 3202 addidit
602 3132 701 3200 nobis
735 3133 985 3204 admonitiones
1016 3158 1108 3220 suas,
1141 3141 1182 3202 nt
1212 3135 1269 3203 illi
1288 3137 1424 3206 fratres
1496 3135 1497 3166 ¹

309 3239 457 3308 »sancti
480 3239 632 3330 episcopi
655 3239 716 3331 qui
739 3240 776 3308 in
799 3241 892 3308 beati
918 3241 1083 3310 Flaviani
1105 3243 1321 3332 depositione
1344 3245 1422 3314 nul·

309 3345 412 3414 »lam
435 3352 568 3437 partem
591 3345 805 3432 habuerunt,
832 3349 863 3416 si
886 3348 969 3418 huic
1000 3371 1102 3441 quam
1132 3351 1320 3420 attulimus
1353 3355 1422 3444 epi-

309 3453 453 3521 „stolae
476 3459 511 3521 et
533 3453 677 3520 Petrum
692 3453 902 3522 testimoniis
926 3477 1014 3546 quac
1037 3479 1114 3524 eum
1137 3479 1178 3524 ea
1201 3463 1283 3525 sunt
1305 3479 1422 3526 assen-

309 3560 496 3644 ntinntur,
523 3561 697 3650 gaudeant
718 3561 988 3652 participatione
1011 3565 1256 3661 communionis
1280 3565 1424 3636 divinae

309 3666 569 3737 »nobiscumn

373 3771 457 3841 Post
479 3771 621 3862 aliquod
639 3778 792 3863 tempus,
820 3797 896 3844 cum
920 3775 1033 3846 sedem
1048 3776 1300 3849 Antiochenam
1318 3802 1424 3870 opera

378 4021 560 4102 (1)1ei‹10n.

378 4115 420 4188 (2)
437 4116 504 4172 Ocd.
519 4118 635 4171 xxvn.
655 4133 721 4196 pag.
736 4119 797 4170 201.
