3006 4672
410 101 543 147 sonurro
566 104 832 151 mrrrcunrarun
1029 154 1033 166 ,
1140 91 1183 156 65

52 239 70 272 n
91 220 172 296 tnr,
187 211 329 280 liberati
345 214 490 281 simus.»
505 214 598 282 Hinc
615 217 771 308 estquod
786 218 978 288 Catholicis
993 222 1030 289 in
1042 221 1184 294 Oriente

49 321 219 388 odiosum
243 345 363 389 nomen
386 323 628 389 Melatitaram
656 324 748 394 idest
772 329 1005 415 imperialium
1027 353 1087 398 seu
1115 357 1184 399 cae·

50 451 249 510 sar-corum,
267 429 347 526 inde
370 451 390 495 a
408 429 524 498 seculo
541 431 586 499 V⁰
602 453 623 496 a
637 431 870 518 Nestorianis,
892 457 932 502 ac
947 436 1130 520 Jacobitis,
1149 444 1186 506 et

51 535 227 625 deinceps
261 560 282 602 a
316 537 560 604 Monotheletis
591 539 721 629 imponi
745 543 918 629 coeperit;
945 543 1034 634 quod
1065 567 1185 612 nornen

53 648 296 716 orientalibus
327 647 518 715 Catholicis
553 647 652 716 illins
683 650 848 739 temporis
879 652 963 719 adeo
992 653 1186 722 necessario

54 757 245 839 adhaesit,
271 762 311 824 ut
334 755 476 822 illorum
500 755 745 824 descendentes
769 780 975 849 quamquam
990 782 1051 849 per
1068 759 1186 849 plnres

53 865 190 952 phases
210 863 428 947 transierint,
454 863 568 931 adhuc
591 885 630 931 eo
653 864 788 932 nomine
812 867 1077 955 dignoscantur.
1095 867 1187 936 Hinc

56 971 172 1038 etiam
195 977 260 1052 est,
281 971 371 1061 qnod
394 992 571 1060 nunquam
594 971 631 1037 in
655 973 886 1040 monumentis
901 974 1186 1042 Nestorianornm

56 1078 117 1146 vel
142 1077 386 1146 Jacobitarum
412 1077 632 1147 inveniamus
655 1079 841 1147 anathema
862 1081 1040 1150 Ecclesiae
1064 1083 1186 1150 Roma·

56 1209 124 1254 nae
151 1187 286 1254 dictum
310 1187 372 1273 (1).

126 1296 423 1363 2‘11111dautem
448 1295 595 1362 maxime
628 1295 904 1364 consideratione
938 1297 1083 1386 dignum
1107 1305 1184 1384 est,

57 1404 154 1498 qnod
178 1404 217 1470 hi
242 1402 477 1484 schismatici,
497 1425 704 1493 quamquam
720 1424 741 1468 a
757 1403 993 1473 communione
1010 1405 1188 1476 Ecclesiae

59 1514 240 1580 Romanae
265 1533 300 1578 se
324 1511 576 1600 separaverint,
603 1533 670 1577 non
695 1513 881 1578 censebant
896 1520 1010 1582 tamen
1027 1535 1101 1580 eam
1117 1516 1187 1603 pri-

61 1628 329 1710 matnn1,nnem
353 1623 494 1708 propter
517 1619 615 1686 Petri
639 1619 788 1708 apostoli
805 1621 1055 1690 successionem
1071 1621 1188 1712 acqui·

62 1729 214 1810 siverat,
233 1727 402 1794 amisisse.
423 1725 560 1793 Etenim
579 1725 781 1792 Timotheus
798 1750 904 1816 supra
921 1728 1052 1795 citatus
1067 1729 1189 1796 Ncsto-

62 1835 242 1900 rianornm
269 1831 471 1922 patriarcha
495 1831 649 1900 scribens
672 1832 716 1900 ad
739 1832 863 1916 Indos,
889 1839 979 1901 testo
1002 1834 1189 1902 Benattibo

68 1939 237 2028 (ZZZ),
263 1941 351 2010 dicit
382 1964 551 2008 summum
581 1941 803 2008 eructaritatis
826 1941 1082 2010 ecclesiasticae
1106 1943 1189 2010 resi·

65 2052 148 2120 dere
172 2051 210 2118 in
232 2051 386 2118 Romano
411 2049 592 2138 pontifice,
620 2048 704 2139 quin
735 2048 842 2116 addat
866 2048 1002 2140 aliquid
1026 2050 1115 2140 qnod
1139 2050 1191 2116 in·

66 2165 156 2228 nnat
179 2180 255 2226 eum
280 2165 421 2247 propter
443 2155 614 2222 haeresim
637 2155 734 2222 illam
752 2158 999 2226 anctoritatem
1016 2157 1188 2244 amisisse;

68 2269 160 2360 quod
184 2268 215 2334 si
238 2267 305 2334 iste
328 2264 577 2332 solertissimus
599 2287 638 2331 ac
655 2264 757 2332 valde
773 2265 918 2333 vividus
941 2265 1092 2354 scriptor
1116 2288 1187 2334 cre·

69 2377 237 2456 didisset,
263 2397 330 2442 non
355 2373 529 2440 omisisset
559 2377 653 2440 certe
685 2373 819 2460 dicere,
846 2375 969 2442 saltem
1000 2375 1189 2442 ambitione

68 2485 195 2566 ‹ltrctus
219 2482 262 2550 ad
286 2503 383 2548 suam
407 2481 652 2548 anctoritatem
670 2481 960 2570 amplificandam.
988 2481 1112 2550 Secula
1128 2504 1188 2550 au·

70 2599 136 2659 tem
162 2589 228 2656 XI.
255 2588 344 2657 idern
368 2588 577 2655 Benattihus
601 2610 676 2656 cum
701 2587 737 2654 in
762 2611 823 2655 suo
839 2588 1076 2656 Nomccanone
1093 2611 1189 2678 prae·

71 2698 163 2768 dicta
189 2697 365 2766 Timothei
389 2697 495 2764 verba
519 2703 697 2787 tamqnam
721 2696 925 2764 canonicum
948 2697 1188 2766 documentum

140 2949 183 3028 (1)
196 2953 399 3008 Sanctissimae
413 2954 468 3005 Leo
479 2953 606 3017 Magnus,
620 2952 762 3006 Ecclesiae
773 2955 914 3006 Romanae
928 2953 1190 3020 splendidissimum
1252 2940 1256 2947 ⁵

72 3045 172 3112 dctus,
194 3046 293 3110 utique
313 3060 330 3095 a
351 3043 492 3097 ercohitis
513 3045 707 3110 cujuscumque
727 3044 856 3096 nationis
874 3046 906 3096 ut
924 3045 1085 3096 haereticus
1104 3043 1191 3108 impio

72 3137 210 3202 habetur,
230 3137 274 3188 ita
291 3138 324 3186 at
343 3134 424 3187 illins
444 3135 605 3187 vonerabili
634 3133 743 3200 nomini
762 3133 792 3184 in
813 3149 906 3186 eornm
925 3134 1013 3186 libris
1042 3133 1190 3198 liturgicis

74 3245 126 3280 non
145 3229 231 3280 semel
251 3227 402 3279 anathema
414 3226 504 3290 detur,
515 3241 547 3278 eo
561 3225 634 3292 quod
646 3225 887 3278 aorumhaeresim
899 3229 980 3276 tanto
994 3225 1137 3291 triumpho
1159 3240 1190 3277 uc

77 3319 164 3382 gloria
175 3317 383 3385 profligaverit.
395 3316 433 3368 At
444 3315 515 3382 qnod
525 3316 633 3367 attinet
646 3315 680 3368 ad
689 3316 775 3380 Syros
789 3315 1188 3380 saltem,observcmus,ipsum

76 3409 278 3462 Burhehracnm
298 3424 426 3473 magnam
445 3407 706 3472 Syro-Jacobiticae
717 3411 809 3458 sectae
820 3408 985 3470 columnam,
1000 3405 1031 3456 in
1043 3405 1104 3457 locu
1114 3404 1189 3456 alias

78 3499 159 3551 citat-o
180 3498 318 3552 t'trone'ei
335 3497 413 3568 (cod.
431 3499 495 3550 Vat.
511 3496 576 3562 Syr.
593 3495 653 3548 166.
665 3511 734 3560 pay.
747 3499 798 3546 261
817 3491 887 3564 seq.)
913 3494 1059 3560 expressis
1090 3494 1188 3547 verbis

77 3605 199 3655 narrare,
221 3590 343 3642 Leonam
362 3583 418 3641 ucri
439 3592 548 3654 sponte,
565 3585 614 3639 scd
633 3586 764 3652 precibus
783 3601 815 3638 ac
834 3585 968 3650 lacrymis
987 3585 1189 3652 imporatorum

77 3679 273 3734 Valentiniani
292 3695 323 3742 ac
342 3678 487 3732 Placidiae
506 3679 621 3742 victum,
637 3677 749 3729 'romum
767 3663 860 3729 eorum
879 3677 1024 3729 voluntati
1044 3679 1189 3728 consanta-

80 3784 155 3823 nenm
173 3770 334 3837 scripsisse,
355 3784 539 3836 magnumque
553 3768 701 3822 concilium
715 3766 942 3820 Chalcedoucnse
957 3767 1114 3822 eorumdem
1127 3782 1189 3838 gra·

81 3858 119 3911 tis
135 3859 287 3924 indixisse,
309 3859 352 3912 ita
363 3862 396 3910 ut
408 3858 454 3912 hic
473 3857 595 3910 eximius
614 3857 745 3925 pontifex
757 3857 851 3923 potins
870 3859 902 3910 ut
920 3857 1074 3910 imbecillis
1087 3857 1187 3923 hamc,

82 3945 276 4015 imperatoriae
295 3948 456 4002 morositati
476 3948 624 4013 obnoxius,
640 3945 830 4014 lacrymisque
840 3946 973 4002 femineis
986 3947 1089 4014 victus,
1108 3961 1190 4012 qnam
1215 3939 1225 3978 l

82 4041 110 4088 ut
125 4037 284 4094 haereticus
304 4039 410 4092 abillo
430 4037 562 4093 mendace
588 4036 786 4091 schismaticae
813 4039 916 4124 sectae*
935 4035 1084 4090 descnsors
1111 4035 1189 4088 exhi·

84 4123 184 4181 beatur.

1048 4239 1069 4299 5
