3006 4672
276 135 320 202 76
567 157 608 199 ou
631 154 766 199 scauros
790 151 961 197 accuratur
984 152 1109 196 caeram

279 295 295 330 n
313 289 467 358 gensque
490 272 569 334 erat
584 265 622 332 in
634 263 792 334 Ecclesia
805 264 881 346 Dei,
900 271 940 331 ut
955 286 1054 331 nemo
1069 286 1111 331 ex
1126 263 1340 331 Doctoribns
1357 263 1402 328 ad

278 403 295 438 n
315 373 595 444 commentandos
616 375 744 458 (sacrm
768 372 889 461 libros)
911 371 968 438 vel
991 372 1036 439 ad
1059 373 1206 461 (novam)
1229 393 1319 460 opus
1337 394 1401 460 pu·

280 509 295 539 n
315 481 513 551 blicaudum
538 504 602 548 sua
625 481 838 550 auctoritate
861 481 1070 569 procederet,
1093 490 1230 569 praeter
1254 478 1400 546 manda-

279 617 295 650 »
315 595 390 656 tum
413 595 449 656 et
471 587 650 656 licentiam
682 588 781 655 illius
812 587 872 678 qui
903 587 1139 674 gubernacula
1169 587 1400 654 administra-

279 725 295 760 n
313 696 423 764 tionis
445 695 659 763 universalis
682 695 860 762 Ecclesiae
882 696 1035 762 tenebat.
1054 696 1128 762 Hac
1150 694 1242 762 euim
1259 695 1401 761 ratione

279 833 295 866 n
314 828 350 872 se
374 805 543 893 gerebant
565 826 681 872 omnes
705 805 766 894 qui
789 805 1068 871 commentarium
1086 803 1259 886 dicebant,
1281 802 1337 869 vel
1357 801 1400 867 li-

279 912 394 978 nbros
417 912 676 1000 componebant.
696 909 778 978 Sive
801 912 893 977 enim
916 933 1023 976 novos
1045 910 1153 976 libros
1176 910 1397 991 scriberent,

280 1047 297 1081 n
316 1019 393 1088 sive
416 1019 662 1088 commentaria
678 1018 734 1086 vel
752 1017 914 1085 homilias
938 1024 1187 1107 componerent,
1207 1025 1401 1107 antequam

280 1149 380 1194 nsua
403 1127 537 1216 scripta
560 1125 692 1214 publici
713 1125 808 1212 juris
832 1126 997 1208 facerent,
1023 1147 1064 1192 ea
1091 1125 1135 1191 ad
1151 1123 1401 1191 Patriarcham

281 1262 297 1296 n
316 1237 519 1315 mittebant,
544 1239 608 1300 aut
631 1233 700 1322 ipsi
723 1235 767 1301 ad
790 1256 867 1300 eum
892 1218 1061 1300 ferebant.
1088 1233 1165 1322 Ipse
1189 1239 1308 1299 antem
1331 1232 1399 1298 Pa·

281 1373 296 1406 n
316 1344 487 1425 triarcha,
504 1342 673 1408 instituto
690 1341 831 1408 illorum
848 1342 1057 1431 scriptorum
1073 1341 1290 1424 examina...
1310 1362 1401 1431 quae

281 1480 296 1512 n
317 1451 454 1542 quidem
479 1450 724 1539 approbatione
748 1456 784 1518 et
807 1472 931 1517 corona
954 1450 1062 1538 digna
1086 1449 1242 1532 videret,
1269 1470 1396 1536 appro-
1491 1449 1492 1456 ’

281 1560 422 1624 ababat
443 1562 548 1646 atque
572 1558 770 1639 coronabat,
789 1579 876 1647 quae
892 1563 1007 1623 autem
1024 1556 1248 1645 improbanda
1272 1557 1396 1637 sciret,
1490 1615 1492 1632 ,

282 1694 298 1727 n
317 1687 357 1734 ea
379 1666 634 1754 reprobabat.»
666 1665 721 1732 Ex
751 1665 923 1733 Jacobitis
953 1664 1097 1753 prodeat
1124 1663 1396 1745 BarhebraeuS,
1490 1701 1492 1722 s

137 1780 240 1890 nn
280 1774 402 1865 quiin
426 1773 1024 1862 Nomocan.cap.7scct.9ait(l):
1053 1772 1207 1839 «Omnis
1230 1771 1321 1838 liber
1344 1793 1399 1838 ee·

281 1882 536 1951 eclesiasticos
561 1881 662 1970 (idest
675 1903 782 1970 agens
806 1882 846 1947 de
870 1881 1028 1947 materiis
1048 1903 1133 1970 quae
1149 1879 1328 1947 Ecclesiae
1345 1879 1399 1944 in·

281 2015 297 2051 n
316 1994 470 2073 tersuut)
486 1997 642 2056 recenter
659 1987 879 2077 compositus,
902 1988 1038 2056 debota
1054 1987 1262 2056 Patriarcha
1278 1986 1316 2052 in
1333 1985 1397 2054 Oo·
1490 2029 1491 2034 κ

280 2097 451 2164 ncidente
474 2096 577 2182 (idest
599 2096 636 2162 in
652 2096 771 2184 Syria,
787 2100 870 2180 etc.)
895 2102 931 2164 et
954 2095 1197 2185 aldaphriano
1226 2102 1298 2181 (sca
1325 2093 1398 2185 pri·
1488 2117 1491 2137 ‘

279 2211 420 2290 amate)
444 2206 481 2272 in
496 2204 635 2272 Oriente
660 2205 762 2293 (idest
777 2206 939 2294 Assyria,
954 2211 1037 2290 eto.)
1062 2205 1254 2274 examinari
1270 2205 1333 2294 (2);
1356 2210 1399 2272 ut
1490 2275 1491 2278 ,

281 2340 296 2375 e
316 2313 346 2380 si
371 2314 508 2404 quidem
532 2314 719 2382 secundum
744 2313 915 2403 Spiritum
939 2315 1143 2382 inveniatur
1166 2337 1239 2382 esse
1263 2337 1398 2403 compo·
1490 2367 1492 2420 l

281 2421 418 2504 esitus,
445 2443 522 2489 aum
546 2423 793 2510 approbatione
817 2421 964 2489 muniat.
984 2449 999 2483 n
1025 2422 1210 2490 Institutio
1234 2444 1318 2509 ergo
1343 2443 1397 2488 sa·
1490 2439 1491 2444 ’

279 2528 330 2595 cri
354 2527 499 2612 Indicis,
518 2551 618 2620 quem
641 2529 823 2618 pontifices
845 2529 990 2596 Romani
1015 2551 1176 2611 erexere,
1202 2535 1243 2595 ut
1267 2529 1350 2596 ruali
1377 2549 1398 2594 a
1490 2529 1492 2618 ξ

279 2636 378 2703 bouis
401 2636 503 2703 libris
527 2645 763 2719 secernantur,
782 2658 802 2702 a
818 2635 1044 2726 manibusque
1059 2635 1211 2704 fidelium
1229 2644 1397 2704 avertan·
1491 2623 1492 2630 ἵ

240 2779 245 2790 ·
280 2749 352 2827 tur,
365 2741 564 2831 justissima
587 2752 652 2827 est,
678 2743 966 2835 antiquitatique,
986 2744 1109 2813 saltem
1122 2744 1397 2834 Syrochaldaeo·
1490 2739 1491 2742 '

279 2872 369 2934 rum,
388 2851 521 2918 innixa.

349 3056 391 3134 (1)
404 3059 471 3115 Cod.
485 3063 574 3116 XXX.
590 3078 654 3130 pag.
669 3063 713 3115 88.

348 3150 391 3226 (2)
404 3153 509 3207 Stricta
529 3153 677 3220 loquendo,
698 3151 858 3222 hujusmodi
875 3153 922 3221 jue
938 3153 1022 3222 juxta
1043 3152 1230 3208 Orientalium
1250 3152 1396 3220 principia

278 3244 394 3296 nonnisi
415 3243 450 3296 ad
469 3243 664 3296 Patriarcham
684 3243 853 3309 pertineret.
877 3243 929 3294 Ast
954 3243 1148 3296 Barhebraeue
1177 3243 1272 3295 simile
1292 3243 1339 3310 jus
1357 3258 1395 3295 ex

279 3347 327 3385 suo
346 3337 435 3386 marte
455 3333 623 3401 Mapbriano
643 3347 751 3401 quoque
771 3331 931 3399 adscripsit,
954 3349 1008 3386 uon
1029 3334 1088 3386 alia
1107 3333 1219 3386 ratione
1233 3333 1395 3400 quamquia

278 3419 339 3487 ipse
358 3422 542 3490 maphrianus
561 3427 632 3490 erat,
655 3437 786 3490 suamque
804 3421 919 3476 volebat
937 3423 1108 3490 amplificare
1128 3420 1368 3491 jurisdictionem.
