3018 4672
268 168 271 176 ·
327 137 371 207 82
615 161 655 206 nr
678 160 810 208 tautane
833 161 1005 208 nccnnsmu
1028 163 1154 210 currere

330 271 431 340 noha
454 295 490 340 se
514 272 618 340 sistat
633 273 675 340 ab
687 295 792 364 eoque
809 273 1103 342 confirmationem
1126 276 1289 365 accipiat,
1314 276 1439 346 audeat

333 401 524 448 nexercere
551 380 704 470 aliquam
727 402 768 447 ex
793 381 1051 470 pontificalibus
1075 383 1327 452 functionibus.
1351 409 1367 445 n
1396 383 1439 452 Et

330 492 411 555 ante
433 484 687 576 Ebedjeshoum
710 487 794 556 haee
810 490 983 558 scrihebat
1003 491 1213 558 Benattibus
1237 491 1275 558 in
1291 513 1356 559 suo
1376 493 1439 560 No·

215 603 298 709 Ἣ
330 619 508 661 macaeaac
523 596 585 682 (1):
610 595 725 663 «Cum
741 597 921 686 episcopus
936 598 1090 687 alicujus
1106 599 1198 668 sedis
1213 599 1367 668 moritur
1384 605 1440 669 aut

333 730 348 766 n
368 703 563 792 deponitur,
591 703 821 772 Seleuciensis
845 707 1050 794 (episcopas)
1071 707 1131 796 jus
1155 707 1259 776 habet
1282 707 1440 778 idoneum

333 810 537 878 »hominem
561 811 637 900 ejus
664 812 738 881 loco
762 813 993 882 ordinandi.»

395 917 512 1007 Hujus
541 918 632 1008 legis
666 919 834 988 rationem
868 921 982 991 tradit
1016 920 1219 990 Timotheus
1243 921 1273 990 Ι.
1297 923 1439 993 celebris

329 1027 614 1097 Nestorianorum
636 1028 838 1116 patriarcha
862 1030 972 1098 seculi
995 1030 1104 1114 VIII,
1124 1030 1184 1122 qui
1200 1030 1244 1098 ad
1268 1032 1437 1122 quendam

330 1135 493 1225 populum
523 1135 700 1218 scribens,
735 1141 776 1203 ut
803 1137 912 1205 refert
942 1137 1179 1226 Ebedjeshous
1212 1139 1378 1207 Sobensis
1406 1139 1439 1207 in

184 1219 298 1336 ww
329 1243 427 1312 Nom.
444 1257 544 1309 tract.
559 1249 626 1308 8a.
648 1249 704 1326 16,
721 1243 773 1311 ait
789 1244 852 1330 (2):
881 1273 897 1308 e
915 1245 1018 1313 Haud
1040 1245 1227 1313 debebatis
1240 1246 1439 1334 imperatori

332 1377 347 1412 n
365 1354 480 1418 notam
504 1352 617 1419 facere
634 1350 833 1418 electionem
850 1352 1088 1442 metropolitae
1101 1374 1204 1443 quam
1217 1352 1436 1436 instituistis,

331 1483 348 1515 r
367 1456 425 1524 sed
448 1455 597 1545 primum
620 1457 738 1541 nobis,
763 1464 799 1526 et
820 1457 980 1547 deinceps
1003 1458 1230 1547 imperatori,
1257 1465 1437 1550 postquam

332 1591 348 1627 n
367 1563 503 1631 scilicet
525 1566 716 1630 constiterit
739 1563 779 1630 dc
801 1563 988 1630 idoneitate
1003 1588 1165 1652 personae
1181 1589 1283 1656 qaam
1300 1567 1437 1656 cleponi-

332 1675 427 1753 υἱέε,
445 1693 569 1762 caepae
591 1672 895 1760 confirmaverimus
920 1671 1111 1738 electionem
1135 1696 1157 1737 a
1179 1671 1273 1737 vobis
1298 1675 1437 1738 instito-

332 1807 348 1843 n
369 1795 449 1846 tam.
463 1805 479 1841 n
504 1779 554 1846 Et
576 1799 657 1846 sane
674 1778 805 1846 dicitur
821 1779 857 1846 in
871 1779 1060 1848 canonibus
1075 1780 1365 1850 Nestorianorum
1377 1781 1436 1866 (3):

189 1890 297 2002 ΠΠ
332 1886 571 1956 cPatriarcha
594 1892 648 1955 est
671 1886 882 1956 universalis
905 1892 1016 1977 pater,
1040 1875 1222 1979 omnesque
1246 1888 1438 1978 metropoli·

332 2001 424 2062 ntae
454 2001 490 2063 et
524 1995 676 2084 episcopi
708 1995 774 2062 filii
808 2001 891 2063 sunt
922 1994 1129 2064 hereditatis
1158 1995 1246 2082 ejus.
1272 1996 1437 2082 Dignitas

331 2109 480 2170 »autem
502 2103 732 2172 Patriarchae
756 2101 850 2172 sicut
872 2103 985 2192 patris
1013 2102 1051 2169 in
1073 2103 1166 2171 filios
1195 2105 1437 2173 auctoritatem

331 2209 512 2278 »habeta

395 2317 553 2386 Profecto
576 2318 733 2408 episcopo
757 2315 982 2403 seleuciensi,
999 2325 1040 2387 ut
1062 2317 1264 2408 provinciae
1287 2317 1436 2408 Babylo·

329 2427 446 2497 nensis
463 2426 727 2516 metropolitano
741 2427 801 2516 jus
818 2428 1055 2496 tantummodo
1078 2428 1292 2516 competebat
1315 2429 1440 2518 episco-

330 2557 390 2624 pos
420 2555 503 2602 suae
533 2533 733 2623 provinciae
764 2534 990 2602 confirmandi
1020 2556 1060 2603 ac
1090 2535 1326 2603 consecrandi.
1353 2537 1439 2604 Dato

329 2645 445 2708 autem
469 2639 559 2732 quod
583 2641 614 2708 is
637 2641 862 2708 catholicatus
885 2665 947 2710 seu
968 2645 1139 2731 primatos
1155 2641 1370 2732 dignitatem
1394 2644 1436 2712 le·

329 2746 454 2837 gitima
468 2769 508 2816 aa
524 2747 688 2816 canonica
711 2747 771 2817 via
794 2747 841 2817 sit
863 2749 1023 2840 adeptus,
1042 2752 1265 2842 consequitur
1287 2755 1436 2834 tantum,

329 2877 417 2939 enm,
436 2860 575 2944 praeter
598 2855 798 2945 provinciae
826 2856 1060 2946 Babylonioae
1091 2858 1331 2948 episcoporum
1365 2881 1438 2927 con-

329 2962 557 3031 firmationem
581 2969 616 3032 et
639 2964 950 3049 consecrationem,
977 2965 1037 3054 jus
1059 2964 1222 3033 habuisse
1245 2965 1352 3033 etiam
1377 2989 1439 3034 me·

328 3069 513 3159 tropolitas
537 3074 618 3156 (non
641 3074 757 3137 autem
780 3069 971 3160 episcopos)
995 3071 1146 3138 omnium
1165 3070 1436 3160 provinciarum,

328 3200 415 3270 quae
438 3179 502 3246 sub
525 3177 708 3245 Persarum
731 3200 838 3267 regno
862 3185 984 3263 erant,
1011 3179 1236 3248 confirmandi
1259 3200 1300 3246 aa
1325 3201 1436 3247 conse·

329 3285 461 3354 orandi.
483 3284 583 3368 Quod
602 3285 663 3374 jus
679 3285 785 3353 etiam
801 3285 912 3378 quoad
928 3286 1114 3354 nonnullas
1129 3286 1228 3355 illius
1244 3287 1346 3375 regni
1362 3309 1435 3377 pro·

328 3393 464 3462 vineias
484 3393 557 3483 jam
579 3395 623 3460 ab
645 3393 721 3482 ipso
743 3389 933 3482 primordio
955 3393 1182 3463 Nestorienae
1199 3393 1367 3462 historiae
1383 3393 1436 3460 illi

330 3502 546 3590 disputatum
575 3506 639 3570 est.
677 3500 801 3569 Secuto
823 3502 914 3569 enim
948 3502 1004 3570 V⁰.
1041 3503 1232 3570 Barsaums
1258 3501 1435 3592 episcopus

328 3607 517 3676 Nisibenus
540 3607 779 3697 metropolitae
804 3607 1016 3678 Seleuciensi
1043 3607 1116 3696 jam
1146 3607 1190 3675 ad
1214 3608 1435 3674 catholicatus

330 3713 538 3805 dignitatem
556 3719 686 3799 evecto,
701 3719 790 3784 teste
801 3715 987 3785 Benattibo
1003 3715 1040 3782 in
1048 3715 1282 3784 Nomoaaaoae
1297 3715 1358 3802 (4),
1368 3713 1433 3782 Me·

400 3890 442 3967 (1)
454 3893 521 3949 (lod.
535 3895 640 3950 XXIX.
656 3911 721 3964 pag.
737 3895 797 3949 146.

400 3980 442 4058 (2)
454 3983 535 4052 Apud
553 3985 656 4054 Majum
675 3987 726 4039 loc.
744 3987 794 4039 cit.
808 4001 873 4054 pag.
884 3986 945 4040 301.

400 4073 442 4147 (3)
456 4075 543 4128 Ebed.
557 4076 621 4130 Sob.
636 4083 718 4128 tract.
731 4077 756 4128 9.
772 4093 803 4128 a.
817 4076 844 4130 ὅ.
859 4076 933 4144 apud
951 4077 1055 4146 ldejum
1074 4091 1139 4144 pag.
1154 4075 1215 4130 eet.

401 4161 443 4234 (4)
456 4163 521 4218 (lod.
536 4163 642 4218 XXIX.
660 4179 725 4231 pag.
742 4163 801 4216 145.
