3018 4672
330 137 374 204 86
613 161 653 205 nn
675 161 809 206 :narnus
832 161 1006 207 uccnnsrnu
1029 162 1156 206 canrrrs

331 270 492 361 pontifice
515 271 681 340 existere?
693 271 768 362 Ipsi
784 272 888 340 etiam
904 273 1105 341 Nestoriani
1120 272 1218 340 nobis
1233 277 1346 340 testes
1362 275 1444 339 sunt

329 378 521 449 Ecclesiam
551 401 648 469 posse
680 379 757 464 sina
785 380 999 470 patriarchis
1028 381 1229 464 subsistere.
1258 379 1301 447 In
1325 401 1443 448 eorum

330 488 421 556 enim
445 494 549 570 secta,
564 508 650 577 quae
672 509 734 576 pro
757 485 803 554 iis
826 494 902 556 erat
925 510 1009 556 vera
1032 493 1067 556 et
1090 487 1165 556 sola
1180 493 1307 556 ettota
1323 485 1442 554 Eccle-

331 594 395 678 sia,
414 617 504 662 unus
527 594 763 662 tantummodo
787 593 969 678 existebat,
987 594 1048 686 qui
1071 593 1177 662 simul
1199 601 1235 663 et
1258 599 1369 683 caput
1390 599 1441 662 to·

330 699 405 769 tius
428 701 548 791 gregis
570 707 606 770 et
628 699 831 790 patriarcha
854 701 1058 789 habebatur;
1084 724 1195 793 neque
1225 724 1287 790 per
1309 706 1365 769 tot
1392 721 1441 768 se·

329 808 412 877 cula
436 831 595 901 umquam
618 809 841 882 crediderunt
867 809 894 877 ii
917 833 952 878 se
973 809 1183 900 patriarchis
1198 809 1370 899 indigere,
1387 804 1442 874 vel

332 915 534 1006 cogitarunt
549 939 646 986 suam
662 915 840 985 ecclesiam
856 938 1010 986 mancam
1034 936 1108 986 esse
1124 917 1206 1008 quia
1228 911 1442 1006 patriarchis

332 1025 481 1092 carebat.

397 1131 554 1224 Denique
577 1131 608 1200 si
631 1132 706 1202 illis
729 1134 790 1225 qni
813 1139 915 1203 extra
938 1134 1124 1204 veritatem
1154 1139 1238 1201 sunt
1266 1130 1363 1200 haud
1386 1152 1441 1199 ex·

332 1239 504 1308 cessivum
519 1241 632 1310 visum
644 1247 698 1309 est
713 1247 1032 1332 temperamentum,
1044 1264 1111 1333 quo
1127 1241 1299 1309 statuitur
1315 1245 1357 1306 nt
1372 1237 1441 1306 sin·

330 1347 410 1438 guli
424 1348 508 1417 novi
523 1349 674 1438 episcopi
690 1354 875 1417 teneantur
899 1371 1011 1419 coram
1035 1372 1097 1417 suo
1121 1371 1252 1418 summo
1268 1347 1384 1440 capite
1400 1350 1443 1420 si·

330 1460 434 1538 stare,
444 1455 488 1522 ab
502 1477 606 1545 eoque
619 1455 924 1542 confirmationem,
936 1456 966 1523 si
979 1461 1168 1541 merentur,
1181 1455 1349 1546 accipere,
1359 1459 1441 1527 erit·

329 1584 457 1659 nepro
480 1562 669 1631 Catholicis
692 1563 919 1648 excessivum,
949 1571 990 1633 ut
1016 1567 1253 1655 episcoporum
1276 1566 1441 1657 Princeps

330 1668 453 1738 saltem
469 1693 586 1738 eorum
602 1671 869 1741 nominationem
886 1695 946 1742 seu
962 1671 1163 1740 electionem
1177 1672 1269 1740 scitu
1285 1673 1440 1741 suorati·

330 1775 456 1848 habeat
483 1785 518 1848 et
544 1779 759 1849 consolidet?
783 1781 860 1848 Uno
884 1781 1000 1864 verbo,
1014 1782 1045 1848 si
1062 1780 1304 1850 schismaticae
1329 1787 1442 1849 sectae

330 1885 486 1970 ducibus,
506 1895 546 1954 ut
568 1891 760 1976 temporum
783 1889 1051 1956 necessitatibus
1077 1888 1313 1978 providerent,
1340 1887 1442 1957 licuit

328 1991 505 2062 Ecclesiae
522 1992 743 2083 disciplinam
756 2017 817 2083 pro
834 1994 934 2062 illius
947 1995 1072 2083 majori
1085 1995 1170 2062 bono
1182 1995 1380 2084 aliquantu]
1387 2019 1440 2062 nrn

329 2095 527 2181 immutare,
547 2097 658 2166 eritne
682 2097 719 2165 id
752 2102 852 2164 extra
882 2097 1087 2166 facultatem
1118 2099 1244 2166 summi
1267 2097 1441 2186 pontificis

328 2202 506 2273 Ecclesiae
529 2203 739 2282 catholicae?
755 2204 894 2272 Etenim
921 2204 1094 2273 Catholici
1119 2204 1232 2274 solent
1248 2203 1440 2274 schismati·

330 2335 386 2382 cos
402 2311 596 2379 Orientales
614 2313 744 2397 docere,
763 2312 941 2382 Ecclesiae
964 2313 1059 2402 leges
1075 2312 1321 2402 disciplinares
1345 2334 1441 2403 posse

329 2442 391 2509 pro
414 2426 605 2510 temporum
628 2421 895 2490 necessitatibus
926 2421 1068 2506 mutari,
1095 2421 1271 2510 suspendi,
1297 2421 1440 2511 abroga-

328 2528 374 2612 ri,
388 2534 454 2597 etc.
469 2528 517 2595 Et
532 2535 647 2596 tamen
659 2528 818 2597 audiant
840 2551 932 2596 nunc
955 2527 1129 2596 Catholici
1144 2528 1256 2596 nostri
1276 2528 1441 2620 quomodo

328 2634 532 2704 Nestoriani
559 2635 629 2726 ipsi
652 2635 742 2704 hanc
766 2635 950 2705 veritatem
974 2637 1229 2725 profitebantur
1248 2636 1286 2704 in
1311 2635 1441 2726 synodo

329 2745 393 2812 sub
416 2743 567 2833 Georgio
590 2744 794 2834 patriarcha
815 2766 906 2812 anno
930 2745 995 2812 677
1019 2744 1151 2830 habita,
1169 2745 1229 2812 ubi
1260 2744 1298 2812 in
1327 2767 1442 2834 prooe-

329 2851 397 2919 mio
419 2851 469 2920 sic
492 2851 695 2942 patriarcha
723 2875 800 2920 cum
824 2853 898 2922 suis
927 2853 1097 2942 episcopis
1124 2853 1264 2920 locutus
1286 2859 1341 2920 est
1369 2851 1440 2938 (1):

171 2955 298 3073 222
332 2958 492 3046 «Exigit
521 2961 614 3028 omni
643 2967 795 3050 tempore
826 2959 1046 3029 mutabilitas
1076 2964 1113 3028 et
1134 2959 1243 3026 nimia
1265 2958 1442 3027 hominum

331 3065 577 3150 »infirmitas,
606 3069 648 3134 ut
678 3067 865 3134 secundum
895 3088 1011 3134 rerum
1043 3065 1257 3134 conditiones
1287 3087 1378 3156 quae
1408 3064 1442 3132 in

331 3173 520 3264 »singulis
542 3171 683 3264 populis
714 3173 933 3264 singulisque
955 3172 1043 3241 locis
1075 3173 1263 3256 eveniunt,
1290 3192 1442 3265 quasque

331 3308 347 3344 n
365 3281 530 3372 temporis
554 3281 943 3364 volubilitas-inducit,
969 3281 1026 3350 illi
1053 3281 1114 3374 qui
1136 3302 1158 3348 a
1180 3279 1302 3348 divina
1325 3280 1443 3369 gratia

330 3416 347 3453 n
367 3390 498 3460 sacrati
514 3381 598 3458 sunt
615 3389 659 3457 ad
680 3390 849 3478 regendas
865 3411 982 3458 eorum
1006 3389 1153 3474 animas,
1169 3391 1335 3476 satagant
1358 3388 1444 3478 ipsis

331 3521 443 3566 neum
467 3497 568 3566 omni
581 3497 768 3586 diligentia
790 3502 982 3587 opportuna
1005 3497 1168 3586 praebere
1191 3494 1355 3578 remedia,
1370 3503 1441 3562 tum

331 3607 574 3675 »verbotenus
598 3611 673 3674 tum
701 3603 845 3694 scriptis
875 3626 962 3696 quae
986 3627 1047 3694 pro
1072 3603 1207 3672 futuris
1229 3602 1441 3692 temporibus

331 3712 597 3804 »requiruntur
627 3712 671 3780 ad
702 3711 900 3782 memoriam
934 3713 1046 3801 magis
1078 3711 1283 3800 juvandam.
1318 3709 1442 3802 Itaque

331 3843 427 3888 anos
449 3819 598 3888 etiam...
616 3805 874 3889 considerantes
897 3818 1083 3886 nonnullas
1098 3840 1172 3887 esse
1195 3839 1311 3886 rerum
1336 3816 1440 3906 hujus

331 3928 533 4020 ntemporis
563 3929 801 4023 conditiones,
831 3947 919 4026 quae
947 3927 1096 4017 exigunt
1124 3929 1166 3996 ut
1192 3923 1273 3995 istis
1303 3922 1439 4016 populis

400 4161 442 4236 (1)
456 4164 524 4221 Ood.
537 4165 657 4221 xxvn.
671 4179 738 4231 pag.
750 4163 814 4217 ala.
