3018 4672
457 583 746 676 APPENDIX
767 589 820 675 ll.

149 863 277 943 Quibus
301 870 409 932 animi
433 868 714 970 dispositibnibao
737 873 996 960 Syrocdoldoo‘ca'
1012 881 1139 967 populi

374 975 601 1066 definitionem
619 979 910 1068 Infallibilitatis

315 1085 463 1152 Romani
484 1087 663 1176 Pontificio
686 1093 856 1179 acceptori
878 1093 961 1159 siat.

150 1363 201 1431 Ut
222 1364 304 1433 huic
327 1367 522 1457 quaestioni
552 1367 781 1460 adaequatum
809 1371 888 1439 dari
918 1375 1029 1462 possit
1055 1398 1192 1466 respon-

77 1495 173 1556 sum,
200 1473 380 1563 sequentia
403 1474 505 1544 iuvat
527 1497 756 1564 praemonere.

150 1579 184 1647 1.
210 1579 355 1646 Romani
370 1580 549 1650 Pontificis
565 1581 804 1653 infallibilitas
819 1609 995 1678 nunquam
1013 1589 1105 1659 inter
1130 1592 1197 1680 Sy·

77 1685 308 1757 rochaldacos
331 1695 459 1777 negata
481 1695 546 1774 cst,
573 1691 647 1760 sive
670 1691 707 1759 in
730 1694 872 1784 scriptis
889 1695 963 1764 sive
982 1719 1065 1766 voce
1081 1703 1193 1768 tenus.

77 1797 174 1868 Nam
196 1796 333 1866 nullum
356 1797 469 1866 adhuc
499 1803 616 1866 exstat
646 1801 738 1888 apud
770 1801 869 1870 illius
901 1805 1053 1873 nationis
1081 1808 1197 1875 varios

78 1905 229 1994 populos
256 1911 329 1973 tam
361 1906 572 1991 catholicos,
598 1929 700 1998 quam
731 1909 986 1997 schismaticos,
1013 1913 1194 2002 scriptum,

80 2013 176 2104 qnod
199 2013 274 2082 sive
295 2012 419 2102 lingna
442 2014 584 2102 vulgari
608 2014 682 2084 sive
704 2015 864 2101 litterali,
884 2019 959 2088 sive
975 2019 1105 2089 directe
1122 2023 1196 2090 sive

79 2119 254 2188 indirecte
276 2119 374 2186 illam
405 2119 596 2188 doctrinam
620 2121 814 2210 impugnet.
845 2123 1094 2195 Recentissime
1121 2133 1195 2196 tan-

78 2227 257 2296 tummodo
269 2227 507 2296 Protestantes
529 2227 567 2294 in
589 2227 690 2297 libris
706 2229 830 2319 lingua
846 2232 988 2321 vulgari
1004 2240 1124 2302 contra
1139 2259 1196 2304 no-

79 2342 193 2404 stram
205 2342 359 2405 sanctam
371 2336 574 2425 religionem
587 2339 796 2427 compositis,
808 2339 896 2408 hanc
909 2341 1093 2410 veritatem
1106 2343 1198 2411 sicut

79 2449 119 2512 et
134 2449 250 2513 cetera
265 2443 346 2512 fidei
363 2443 554 2513 catholicae
574 2445 737 2534 dogmata
760 2447 988 2536 impugnandi
1003 2473 1130 2518 morem
1146 2453 1196 2519 in·

80 2556 226 2624 duxere.
244 2553 296 2621 At
307 2575 384 2621 cum
395 2554 701 2643 protestantismus
718 2555 766 2622 sit
778 2557 1000 2625 communiter
1012 2558 1050 2624 in
1058 2558 1197 2628 Oriente

80 2663 187 2733 valde
203 2661 342 2730 odiosus
358 2667 433 2728 tum
448 2663 539 2750 apud
555 2661 763 2747 Gatholioos,
783 2669 857 2730 tum
873 2665 980 2732 etiam
991 2666 1084 2755 apud
1100 2665 1196 2735 Schi-

80 2770 257 2854 smaticos‚
283 2768 481 2837 huiusmodi
504 2769 655 2839 hostium
672 2769 848 2840 Ecclesiae
872 2773 1042 2842 diatribae
1057 2775 1095 2842 iu
1111 2798 1198 2844 com·

80 2879 181 2947 muni
197 2877 340 2946 horrore
355 2877 537 2964 hebertum
556 2878 640 2947 adeo
656 2884 697 2946 nt
711 2878 816 2947 etiam
840 2903 916 2948 cum
932 2881 1109 2968 legantur,
1121 2905 1196 2951 con-

79 2987 233 3055 trarium
255 2985 372 3075 potius
387 2985 424 3052 in
440 2985 608 3055 lectorum
624 2987 795 3055 mentibus
811 2989 1004 3077 producant
1021 2991 1194 3074 effectum,

81 3117 187 3187 quam
198 3093 300 3162 illum
312 3117 411 3184 quem
422 3117 540 3163 earum
552 3100 710 3164 auctores
722 3095 958 3165 intenderunt.
972 3097 1072 3165 Libri
1083 3103 1197 3166 autem

81 3201 391 3272 Schismaticorum
406 3196 560 3292 theologi
575 3208 638 3270 aut
653 3202 823 3292 polemici,
843 3225 1048 3294 quamquam
1064 3227 1197 3272 errores

81 3331 166 3378 suos
187 3311 272 3378 totis
288 3309 425 3380 viribus
449 3317 615 3379 conentur
631 3309 825 3396 defendere,
845 3311 909 3379 hoc
930 3317 1035 3400 caput
1062 3311 1102 3378 de
1131 3333 1197 3401 quo

80 3419 233 3508 agimus,
259 3417 395 3487 scilicet
416 3419 646 3488 Romanorum
668 3419 877 3488 Pontificum
906 3418 1197 3488 infallibilitatem

80 3549 152 3593 non
175 3515 371 3615 attingunt.
389 3526 475 3611 Imo,
500 3549 556 3596 res
580 3527 681 3596 valde
704 3526 1089 3596 admirandal'nullum
1113 3549 1198 3615 opus

81 3634 177 3724 apud
194 3633 442 3703 Schismaticos
457 3641 594 3704 nostros
618 3635 753 3726 (loquor
769 3634 1004 3703 tantummodo
1020 3634 1061 3702 de
1077 3633 1197 3704 Nesto·

81 3739 197 3810 rianis
212 3745 248 3809 et
262 3739 286 3807 J
287 3739 448 3826 acobitis)
464 3740 579 3809 adhuc
596 3742 789 3810 confectum
805 3739 991 3830 reperitur,
1006 3739 1043 3808 in
1059 3763 1125 3831 quo
1141 3741 1199 3810 vel

81 3849 159 3938 ipsc
180 3848 353 3937 primatus
369 3847 624 3916 iurisdictionis
639 3849 812 3916 Romanae
828 3847 1005 3916 Ecclesiae
1022 3849 1198 3938 impugne-

81 3960 143 4024 tur
166 3953 228 4042 (l).
255 3953 471 4024 Obiectioncs
496 3976 577 4024 vcro
601 3954 725 4045 quibus
748 3953 910 4022 nonnulli
934 3977 976 4022 ex
999 3954 1197 4024 recentiori-

155 4189 197 4264 (1)
215 4193 287 4247 Vide
306 4209 376 4261 quae
391 4195 450 4262 fot.
462 4199 505 4248 65.
518 4211 548 4246 a.
560 4199 586 4246 2.
607 4193 797 4274 disseruimus.
