3018 4672
324 155 389 224 118
426 173 428 180 ’
772 171 932 216 aeenumx
948 171 985 214 11.
1050 202 1052 208 .

325 292 389 358 bus
412 285 652 358 Schismaticis
667 285 704 352 in
721 284 916 353 forensibus
939 288 975 350 et
998 281 1195 351 domesticis
1211 280 1435 351 conventibus

324 396 437 466 solent
459 394 539 462 iura
556 391 679 460 summi
694 390 870 460 Ecclesiae
886 388 1076 459 catholicae
1092 389 1272 459 Pontifiois
1291 412 1371 458 cum
1388 412 1436 458 ca·

322 503 465 574 tholicis
487 500 684 570 hominibus
707 499 904 589 disputare,
929 520 990 566 cas
1020 520 1061 567 ex
1088 497 1367 567 Protestantium
1390 499 1437 566 fa·

324 609 530 680 miliaritete
553 612 589 676 et
610 605 765 674 amicitia
789 605 845 674 vel
869 626 910 672 ex
934 627 1051 673 eorum
1074 604 1176 672 libris
1200 604 1411 674 didicerunt.

390 719 423 786 2.
449 717 567 808 Neque
591 721 706 784 tamen
729 712 969 781 infallibilitas
985 713 1216 781 Romanorum
1232 712 1435 803 pontificum

324 832 366 896 ut
396 824 527 894 veritas
549 845 571 889 a
593 823 748 912 primatu
772 820 1028 890 iurisdictionis
1051 821 1235 905 distincta,
1261 822 1379 892 adhuc
1402 821 1436 888 in

324 935 397 1004 ullo
421 932 550 1021 scripto
583 929 741 998 manibus
772 934 969 998 nostrorum
996 927 1257 998 Catholicorum
1287 930 1377 998 trito
1398 951 1436 996 ex

324 1043 476 1134 professo
491 1043 711 1129 propugnata
726 1043 790 1106 est.
802 1037 908 1106 Nemo
921 1036 1043 1121 nascit,
1062 1037 1170 1104 libros
1186 1038 1384 1127 populares,
1399 1037 1436 1103 ob

324 1151 494 1220 defectum
517 1144 843 1236 typographiarum,
869 1144 1065 1212 rarissimos
1082 1167 1156 1214 essa
1172 1145 1263 1235 apud
1278 1167 1354 1213 nos.
1373 1145 1435 1213 Ne·

326 1281 389 1349 que
412 1280 454 1325 ex
478 1253 588 1324 variis
612 1253 756 1322 officinis
778 1252 946 1321 hactenus
969 1253 1062 1321 notis
1086 1274 1173 1344 quae
1192 1253 1300 1321 libros
1326 1277 1361 1321 v.
1381 1276 1432 1342 gr.

325 1364 464 1432 arabica
480 1361 604 1451 lingua
624 1361 772 1450 scriptos
796 1361 888 1428 inter
911 1367 1048 1430 nostros
1064 1361 1215 1451 gentiles
1232 1361 1432 1450 divulgant,

324 1471 399 1539 ulla
420 1471 607 1552 hactenus,
634 1468 723 1560 quod
747 1490 811 1558 ego
834 1469 958 1552 sciam,
988 1468 1130 1560 aliquod
1154 1468 1324 1558 scriptum
1347 1467 1435 1536 hanc

325 1578 559 1672 quaestionem
582 1601 623 1645 ex
646 1577 802 1667 professo
817 1582 974 1646 tractans
995 1576 1202 1667 publicavit,
1221 1576 1358 1646 scilicet
1372 1577 1435 1644 Ro-

324 1709 426 1754 mana
449 1685 485 1754 S.
504 1684 794 1774 congregationis
817 1684 858 1753 de
881 1684 1110 1774 Propaganda
1124 1685 1223 1769 Fida,
1236 1682 1436 1753 Melchitica

324 1795 450 1864 montis
461 1793 588 1861 Libani
600 1791 694 1860 dicta
708 1791 944 1878 Shuairensis,
958 1791 1139 1860 Beirutica
1153 1792 1229 1860 RR.
1241 1789 1311 1859 ΡΡ.
1322 1790 1346 1859 J
1347 1791 1435 1860 esui·

323 1912 451 1987 tarum,
469 1899 790 1988 Hierosolymitana
816 1900 893 1967 RR.
914 1899 981 1966 ΡΡ.
1006 1898 1330 1984 Franciscanorum‚
1348 1898 1435 1968 llos·

326 2011 476 2080 salensis
498 2009 574 2077 ΒΕ.
593 2007 660 2075 ΡΡ.
679 2007 991 2092 Dominicanorum‚
1017 2007 1225 2099 Aleppcnsis
1247 2006 1433 2077 Maronita·
1486 2013 1487 2024 ’

324 2142 413 2202 rum,
431 2124 496 2187 etc.
522 2115 730 2205 Excipiendi
752 2119 867 2183 tamen
890 2120 974 2183 sunt
996 2117 1039 2183 ab
1061 2115 1127 2185 hac
1146 2115 1301 2205 generali
1324 2138 1434 2185 asser·

323 2224 417 2292 tione
442 2224 556 2292 decem
579 2221 659 2312 plus
684 2221 799 2290 minus
812 2221 974 2311 proxime.
988 2221 1098 2311 elapsi
1124 2221 1220 2306 anni,
1244 2222 1281 2290 in
1309 2223 1434 2315 quibus

323 2328 490 2399 nonnulla
504 2325 820 2418 apparuere'opera
843 2327 943 2418 typis
967 2327 1072 2412 edita,
1093 2351 1181 2419 quae
1204 2329 1302 2397 Rom.
1317 2328 1434 2398 Ponti·

323 2439 425 2509 licum
448 2433 741 2504 infallibilitatem
765 2436 908 2526 propius
939 2435 1177 2526 attingerent,
1203 2442 1244 2505 ut
1266 2436 1434 2526 polemica

323 2545 488 2638 quaedam
510 2566 552 2618 ex
568 2541 703 2632 linguis
718 2542 909 2634 Europaeis
924 2543 1098 2613 translata
1114 2565 1201 2635 quae
1216 2543 1434 2634 potissimum

322 2653 447 2722 Beruti
469 2651 580 2720 lucem
603 2650 787 2737 viderunt;
805 2650 876 2718 alia
891 2650 1063 2740 theologis
1086 2650 1177 2720 viris
1199 2651 1433 2720 tantummodo
1484 2663 1485 2670 ’

324 2761 509 2843 destinata,
534 2764 575 2826 ut
598 2758 634 2826 S.
652 2757 825 2848 Alphonsi
849 2759 889 2826 da
904 2758 1047 2845 Ligario
1072 2759 1255 2848 Theoloqia
1271 2761 1432 2842 Moralis,

266 2917 269 2926 .
322 2868 359 2935 in
381 2867 565 2958 pessimum
588 2885 628 2934 ac
651 2865 912 2956 putidissimum
940 2886 1127 2935 sermonem
1155 2867 1332 2936 arabicum
1355 2890 1432 2937 con-

323 2998 442 3060 versa,
468 2980 504 3043 et
526 2996 547 3041 a
569 2973 644 3042 BR.
662 2973 729 3042 ΡΡ.
755 2973 999 3044 Franciscanis
1023 2973 1150 3044 Terrae
1174 2973 1340 3060 Sanctae,
1365 2997 1431 3044 non
1483 3011 1484 3030 κ

322 3081 442 3152 multis
465 3078 591 3148 abhinc
614 3079 716 3147 annis
739 3079 927 3170 publicata.

388 3189 421 3258 3.
446 3187 538 3257 Cave
560 3192 677 3256 tamen
700 3210 742 3256 ne
757 3209 799 3256 ex
815 3185 871 3256 his
886 3187 1030 3274 inferas,
1048 3183 1187 3258 nullum
1203 3193 1322 3258 extare
1338 3187 1427 3280 apud

321 3303 494 3367 nostrates
518 3295 686 3386 scriptum
709 3295 853 3386 vulgari
875 3295 1000 3385 lingua
1027 3296 1270 3387 compositum,
1296 3295 1427 3365 infalli-

320 3405 491 3474 bilitatem
514 3403 661 3473 Romani
684 3402 859 3492 pontificis
882 3403 1080 3488 defendens,
1102 3395 1308 3496 quemqnam
1330 3405 1427 3494 typis

320 3535 388 3582 non
411 3513 625 3604 impressum.
645 3511 854 3581 Huiusmodi
876 3518 991 3581 tamen
1013 3533 1127 3602 opera,
1158 3518 1278 3602 utpote
1301 3511 1341 3579 in·
1360 3535 1426 3580 ma·

320 3619 512 3710 nuscriptis
526 3619 762 3689 tantummodo
779 3618 954 3688 codicibus
965 3618 1135 3704 extantia,
1150 3619 1331 3688 admodum
1347 3640 1425 3688 rara

319 3731 413 3810 sunt,
439 3749 479 3796 ac
500 3728 620 3818 paucis
642 3726 755 3819 iisque
778 3726 898 3796 electis
920 3725 1010 3796 viris
1032 3733 1127 3796 nota.
1143 3726 1241 3796 Talis
1264 3732 1317 3796 est
1333 3726 1422 3817 apud

318 3831 508 3902 Chaldaeos
519 3832 543 3900 J
545 3833 722 3924 oseph1II
742 3833 962 3924 patriarchae
977 3834 1070 3903 unita
1082 3833 1332 3906 Chaldaeorum
1355 3839 1422 3902 tra·

321 3945 437 4010 cbatus
459 3922 607 3998 dimine
636 3925 757 4027 lli-vsu»
773 3965 833 4012 seu
845 3943 1021 4033 Speculum
1034 3959 1155 4011 tersum
1167 3943 1370 4034 inscriptus,
1385 3942 1422 4012 de

320 4071 387 4142 qno
402 4046 541 4118 consule
552 4048 686 4117 Assem
705 4049 799 4119 Bibl.
815 4049 872 4118 Or.
881 4056 910 4119 t.
919 4050 988 4120 ΙΠ.
1003 4076 1037 4142 p.
1051 4051 1083 4120 1
1099 4073 1179 4142 pag.
1188 4051 1266 4119 605
1278 4050 1401 4120 Talis
1390 4073 1421 4118 m

319 4156 427 4246 Syria
441 4176 527 4245 opus
549 4155 724 4224 arabicum
748 4157 928 4228 admodum
951 4157 1174 4245 laudandum,
1193 4162 1419 4249 nuncupatum
