3006 4672
356 189 398 231 nx
421 189 634 232 monnuunrrs
658 188 853 234 sraocunnn.
1123 167 1167 233 55

50 302 174 382 rimus,
190 298 343 366 exhibito
357 300 419 384 (1),
432 324 497 390 quo
510 301 724 369 contendunt
747 301 838 368 sedis
851 299 1080 368 Seleuciensis
1096 302 1166 390 epi·
1233 379 1237 386 ,

51 429 192 494 scopum
226 407 527 495 metropolitanum
557 415 697 497 propter
727 431 849 496 regum
882 409 1065 476 Persarum
1095 431 1168 497 per-

51 514 248 581 secutiones
278 521 313 581 et
340 516 526 583 saevitiam
561 518 603 582 ab
635 515 901 582 occidentalibus
931 517 1100 606 episcopis
1123 517 1167 584 ad

51 621 218 686 catholici
241 645 301 688 seu
323 624 485 710 primatis
513 623 720 711 dignitatem
741 629 892 692 erectum
920 625 1040 708 fuisse,
1060 625 1112 691 ita
1127 631 1168 692 ut

50 729 88 794 in
120 735 196 795 tota
216 729 347 796 ditione
374 731 514 796 Persica
538 737 654 818 posset
681 731 856 820 episcopos
872 754 1000 816 creare,
1016 756 1093 799 cum
1110 757 1167 800 an-

50 844 109 901 tea
137 835 202 902 hoc
218 835 278 922 jus
300 835 522 923 patriarchae
545 837 764 905 Antiocheno
788 839 1022 926 competebat,
1048 846 1169 928 utpote

49 943 87 1008 in
116 945 220 1030 cujus
243 944 487 1031 patriarchatu
512 944 577 1010 illa
601 945 742 1012 Persica
759 946 847 1012 ditio
864 945 1168 1034 comprehendeba-

49 1062 123 1115 tur.
142 1049 167 1115 J
169 1071 223 1115 am
240 1072 333 1132 vero,
349 1051 439 1117 inter
452 1050 559 1138 hujus
580 1041 775 1120 documenti
797 1068 954 1120 auctores
970 1054 1080 1142 primo
1094 1054 1169 1122 loco

49 1159 253 1224 nominatur
285 1159 442 1245 pontifex
474 1159 672 1244 Romanus,
700 1161 823 1227 deinde
854 1161 1002 1229 veniunt
1030 1162 1169 1227 nomina

49 1266 161 1332 trium
180 1265 329 1331 aliorum
354 1265 650 1353 patriarcharum,
675 1267 812 1335 scilicet
833 1267 1078 1352 Alexandrini,
1096 1270 1168 1334 An-

50 1371 205 1439 tiocheni
229 1379 264 1439 et
280 1372 459 1460 Ephesini.
475 1372 529 1438 Ex
547 1373 610 1440 hoo
626 1373 829 1441 documento
850 1383 959 1464 patet,
978 1373 1169 1443 Chaldaeos

50 1479 150 1546 illius
173 1481 351 1568 temporis,
378 1480 462 1548 licet
489 1481 787 1568 persecutionibus
811 1489 847 1548 et
869 1484 1045 1550 aerumnis
1061 1483 1170 1551 inces-

52 1594 170 1654 santer
198 1593 363 1670 vexatos,
394 1611 462 1654 non
485 1588 674 1656 credidisse
703 1611 739 1655 se
765 1589 1048 1677 independentem
1072 1613 1170 1678 posse

53 1694 265 1761 constituere
279 1694 481 1778 Ecclesiam,
502 1701 542 1762 nt
557 1695 717 1762 nonnulli
744 1719 785 1762 ex
812 1696 999 1764 haereticis
1023 1703 1058 1764 et
1081 1697 1170 1764 schi-

54 1801 210 1868 smaticis
225 1800 400 1870 hodiernis
414 1803 480 1868 sibi
493 1803 734 1885 blandiuntur,
746 1803 805 1870 scd
818 1826 874 1870 eos
886 1803 1033 1870 firmiter
1045 1805 1171 1871 tenuis-

54 1930 86 1973 se
101 1907 297 1975 Ecclesiam
313 1907 445 1975 Christi
469 1909 521 1976 ita
547 1909 717 1976 unitatem
741 1909 954 1995 praeseferre
977 1909 1109 1992 debere,
1131 1915 1172 1976 ut

54 2015 229 2101 gradatim
246 2015 484 2105 unusquisque
514 2016 698 2088 «inferior
716 2014 888 2102 superiori
907 2015 1084 2082 subiectus
1098 2037 1172 2084 esse

55 2148 70 2182 r
88 2123 213 2189 debeat
227 2119 384 2209 (mlh
405 2149 421 2184 n
447 2129 483 2190 et
509 2123 560 2190 ita
576 2123 689 2190 omnia
706 2127 742 2189 et
766 2121 909 2210 singula
928 2123 1078 2189 membra
1105 2123 1173 2190 sibi
1279 2117 1281 2124 ’

54 2229 202 2297 invicem
231 2230 496 2318 compingantur
519 2236 555 2298 et
581 2231 819 2318 ininterrupta
850 2235 972 2297 catena
1005 2229 1172 2320 colligen-

53 2342 108 2403 tur
132 2360 243 2428 usque
269 2337 314 2404 ed
329 2337 520 2403 Romanum
541 2337 754 2419 Pontificem,
770 2337 831 2428 qui
851 2343 904 2405 est
917 2338 1067 2404 omnium
1082 2361 1171 2405 sum-

54 2466 107 2510 ma
119 2468 302 2533 compages
317 2467 560 2534 communeque
572 2445 749 2528 fulcimen,
770 2451 805 2512 et
822 2468 888 2536 quo
905 2445 1042 2514 sublato
1059 2446 1172 2514 omnia

57 2553 91 2618 in
113 2551 274 2618 Ecclesia
292 2551 547 2640 disjunguntur
570 2574 611 2618 ac
634 2552 891 2620 dissolvuntur.

122 2659 190 2726 Sed
207 2659 327 2750 quaeri
339 2664 468 2747 potest,
484 2681 547 2726 cur
558 2659 849 2747 igiturdixerunt
861 2659 899 2725 hi
912 2663 1069 2727 auctores
1082 2660 1172 2749 Epi-

58 2789 167 2852 ccopos
181 2763 424 2843 ‘occidentalca
449 2770 484 2832 et
504 2788 571 2831 non
591 2765 757 2833 dixerunt
777 2768 965 2853 episcopam
986 2767 1178 2832 Romanam

59 2872 264 2960 simpliciter
275 2871 339 2939 hcc
352 2871 577 2960 privilegium
590 2871 657 2938 sibi
677 2871 830 2939 dedisse?
848 2872 978 2960 Nempe
997 2872 1079 2962 quia
1098 2873 1172 2940 illis

57 2979 267 3067 temporibus
291 2979 471 3068 pontifices
490 2979 636 3045 Romani
657 2980 699 3046 ob
717 2979 984 3068 persecutiones,
1006 2980 1173 3047 itinerum

58 3086 281 3154 difficultates
298 3092 332 3152 et
344 3087 427 3170 alia,
444 3087 619 3154 ordinarie
632 3086 873 3154 nonsolebant
889 3110 964 3154 cum
983 3085 1170 3174 Syrochal-

59 3194 153 3260 dacis
174 3193 312 3282 populis
330 3193 430 3262 valde
447 3215 467 3259 a
488 3194 599 3260 Roma
613 3193 750 3260 dissitis
766 3199 932 3274 tractare,
953 3193 1022 3259 nisi
1038 3215 1098 3280 per
1113 3214 1171 3282 pa-

59 3299 231 3368 triarchas
250 3300 484 3368 Anticchenos
507 3301 633 3391 quibus
649 3301 706 3368 illi
727 3301 877 3388 subjecti
886 3289 990 3367 'erant
1001 3299 1064 3387 (2).

133 3570 169 3642 (1)
189 3573 223 3626 V.
243 3571 351 3624 Assem.
367 3572 444 3623 Bibl.
461 3572 566 3624 Oricat.
586 3575 607 3622 t.
623 3571 649 3622 3.
666 3589 693 3637 p.
710 3571 734 3621 1.
755 3586 820 3636 pag.
834 3569 877 3620 54.
893 3584 952 3636 seq.

132 3657 170 3734 (2)
188 3664 306 3714 Possum
328 3661 429 3714 addere
454 3665 483 3714 ct
505 3663 591 3714 aliam
618 3661 766 3712 rationem.
787 3660 891 3725 Nempe
916 3673 978 3710 cum
1005 3659 1170 3712 Nestoriani

62 3751 161 3816 primis
180 3753 283 3804 seculis
306 3752 358 3804 hoc
376 3752 570 3804 documentum
587 3750 815 3805 Occidentalibus
836 3749 1012 3814 tribuebant,
1024 3749 1168 3814 intellige·

62 3841 134 3892 bant
150 3843 289 3907 Synodum
311 3842 472 3908 Nicaenem,
490 3843 520 3893 in
544 3843 623 3910 cujus
641 3856 745 3893 canone
767 3841 822 3891 III.
842 3840 928 3903 vulgo
949 3839 1061 3888 arabico
1085 3838 1169 3891 datur

62 3944 160 3982 revere
176 3931 337 3998 hujusmodi
356 3932 540 3998 privilegium
558 3933 688 3998 episcopo
710 3929 892 3982 Seleuoiensi.
915 3929 984 3980 Tum
999 3928 1090 3992 igitur
1106 3943 1168 3995 pro-

63 4023 128 4084 pter
150 4022 219 4074 hanc
239 4038 369 4088 causam,
391 4026 450 4074 tum
470 4023 556 4074 etiam
576 4023 643 4088 qnia
663 4035 722 4072 oum
745 4019 825 4072 sedes
847 4020 901 4071 illa
925 4018 1113 4071 Seleueiensis
1136 4019 1167 4069 in

63 4109 253 4174 patriarchatu
271 4099 447 4164 Antiocheno
467 4110 764 4178 comprehendebatur,
784 4125 839 4161 non
858 4109 1044 4160 conveniebat
1056 4111 1088 4159 ut
1101 4123 1168 4172 pon-

64 4199 139 4250 tifex
153 4200 290 4254 Romanus
318 4202 380 4254 sine
400 4217 537 4254 consensu
558 4201 644 4268 hujus
670 4199 849 4267 patriarchae
878 4199 950 4250 hanc
971 4197 1107 4249 ditionem
1132 4197 1166 4247 ab
