3006 4672
311 159 355 232 22
712 187 753 234 nu
773 181 867 235 earu.
886 189 914 236 ε.
926 189 1025 236 rarat

192 303 280 401 W
313 305 443 386 ooaots,
470 299 556 370 haee
579 301 685 370 verba
708 303 818 372 fuisse
849 303 987 393 prolata
1010 303 1073 391 (1):
1103 302 1241 373 «Unus
1271 309 1324 374 est
1354 303 1435 394 ejus

313 434 330 469 n
349 406 403 494 (id
415 421 463 474 est
474 406 623 494 Christi)
634 408 791 478 vicarius
806 409 932 495 fidelis,
949 409 1067 478 Simon
1081 409 1246 500 Berjone,
1266 412 1329 503 qui
1343 434 1433 480 nun·

313 521 497 606 neupatus
519 522 573 585 est
594 517 699 588 Petra
722 525 792 607 (seu
814 519 966 607 Petrus),
993 519 1118 611 auique
1134 519 1208 609 ipse
1223 521 1435 610 promissum

314 623 447 694 adedit
469 624 604 694 dicens:
630 627 738 717 Super
762 628 848 694 haue
871 628 1011 696 Petram
1034 625 1217 718 aedeficabo
1239 627 1436 696 Ecclesiam

314 757 331 794 n
350 755 467 814 meam,
485 733 568 802 item
585 734 664 802 Tibi
678 733 764 802 dabo
782 735 891 803 olores
914 737 1016 826 regui
1038 737 1214 804 coelorum.
1232 737 1343 804 Porro
1366 757 1435 804 non

315 865 331 902 n
349 839 507 910 omuibus
522 841 703 931 Apostolis
719 863 739 909 a
755 841 896 912 Christo
912 843 1045 913 dietum
1059 850 1125 913 est:
1143 845 1251 934 Super
1268 843 1366 912 vobis
1383 866 1435 910 aa·

316 975 331 1009 s
350 945 507 1038 dificabo,
524 956 560 1018 et
577 949 677 1018 Vobis
695 948 793 1018 dabo.
813 950 983 1034 Quamvis
997 952 1088 1021 enim
1103 974 1229 1019 munus
1245 949 1436 1020 sacerdotii

316 1081 332 1118 n
351 1056 508 1125 omnibus
530 1056 723 1147 Disoipulis
740 1057 861 1127 datum
877 1059 938 1143 sit,
957 1066 1072 1128 tamen
1087 1059 1260 1150 primatus
1273 1057 1435 1148 singula·

316 1189 332 1226 n
350 1163 412 1248 ris,
440 1164 499 1256 qui
515 1171 569 1234 est
585 1165 784 1254 spiritualis
799 1167 1004 1256 paternitas,
1026 1189 1093 1236 nou
1111 1166 1279 1252 omnibus,
1294 1166 1358 1235 sed
1374 1165 1437 1233 uni

317 1272 445 1342 »sieut
464 1273 569 1342 unius
588 1273 665 1342 veri
681 1274 746 1343 Dei
770 1273 866 1344 fideli
886 1275 1033 1360 viosrio,
1057 1281 1099 1343 ut
1121 1274 1169 1342 sit
1183 1275 1257 1364 ipse
1279 1275 1436 1343 fratrum

317 1407 333 1443 n
353 1403 493 1450 suorum
508 1383 667 1470 antistes,
679 1389 805 1469 raotor,
820 1390 856 1453 et
870 1384 1095 1472 gubernator.
1111 1411 1127 1446 n
1142 1384 1305 1452 Potestne
1317 1382 1437 1452 ootho-

315 1485 405 1556 lious
424 1487 502 1580 quis
525 1489 561 1557 in
586 1489 661 1579 ipso
691 1491 807 1560 see-ulo
837 1491 952 1561 XIX.⁰
968 1514 1035 1583 quo
1061 1490 1287 1562 revelationis
1316 1489 1436 1559 lumen

317 1593 408 1664 omni
424 1618 487 1664 suo
503 1596 641 1686 fulgore
657 1597 824 1688 splendet,
840 1599 1028 1689 primatum
1041 1599 1302 1688 jurisdictionis
1315 1603 1354 1668 et
1367 1619 1437 1666 ma-

318 1703 458 1793 gisterii
485 1705 575 1796 quod
598 1703 761 1775 Christus
784 1707 822 1774 in
844 1706 1005 1776 Ecclesia
1027 1706 1199 1791 instituit,
1225 1705 1437 1776 clarioribus

318 1810 474 1902 profiteri
499 1812 631 1884 verbis?
645 1811 701 1882 En
724 1814 814 1882 enim
839 1814 932 1884 alara
955 1815 1088 1884 dietum
1111 1813 1308 1907 etquidem
1331 1835 1436 1904 syno-

318 1919 458 2006 daliter,
484 1920 594 1990 solum
618 1920 759 1990 Petrum
774 1943 796 1990 a
811 1921 950 1992 Christo
970 1921 1116 1990 Domino
1139 1921 1436 1991 constitutumlu·

317 2027 386 2098 issa
409 2047 509 2098 suom
533 2029 702 2098 vicarium
726 2030 820 2100 inter
843 2052 958 2099 omnes
980 2030 1057 2120 ejus
1073 2031 1215 2115 fratres,
1229 2035 1337 2122 atque
1353 2051 1437 2120 praa

319 2138 443 2206 ueteris
466 2136 646 2228 Apostolis
668 2137 928 2228 praerogativis
957 2137 1110 2228 propriis
1132 2139 1177 2208 ad
1206 2137 1286 2206 illos
1318 2144 1436 2208 sueto·

318 2241 425 2312 ritate
441 2243 703 2334 praecedendos,
717 2243 897 2334 regendos,
912 2250 1018 2338 atque
1033 2244 1277 2335 gubernandos
1293 2251 1438 2314 suetum

318 2371 404 2440 essa,
419 2373 461 2421 su
473 2351 625 2442 propriis
637 2358 672 2422 et
683 2353 815 2444 opertis
832 2353 948 2424 verbis
960 2353 1053 2422 ratio
1065 2355 1248 2444 primatus,
1263 2351 1437 2422 aChristo

319 2458 421 2529 Petro
434 2458 566 2545 oolleti,
580 2466 715 2530 asserto
726 2466 762 2530 et
773 2461 956 2530 affirmata.
970 2461 1045 2531 Hao
1060 2462 1146 2531 freti
1159 2462 1321 2546 veritate,
1336 2461 1437 2530 illius

320 2565 446 2656 synodi
469 2567 603 2654 Patres,
630 2568 691 2660 qui
719 2589 971 2660 quamquama
1000 2568 1172 2658 primatus
1203 2567 1436 2638 ecelesiastici

321 2697 403 2746 vero
427 2676 575 2764 subjecto
599 2682 740 2767 propter
769 2675 920 2746 schisma
949 2677 987 2744 in
1018 2677 1109 2768 quod
1137 2677 1210 2767 jam
1237 2677 1310 2766 jam
1335 2697 1438 2745 ruere

319 2781 534 2874 incipiebant
549 2781 751 2853 voluntaria
765 2783 879 2853 cordis
895 2785 1061 2854 eaeoitste
1081 2785 1337 2871 aberraverint,
1357 2785 1437 2854 fun·

320 2888 515 2958 damentale
530 2896 645 2958 tamen
657 2889 688 2978 ej
693 2890 810 2959 usdem
823 2891 988 2980 objectum
1000 2892 1089 2983 quod
1101 2915 1162 2983 per
1175 2892 1345 2981 majorum
1358 2915 1436 2962 sno·

320 3018 397 3068 rum
413 2996 638 3087 apostolicam
654 2997 880 3066 traditionem
896 2997 1103 3084 didicerant,
1123 2999 1249 3090 optime
1271 3021 1436 3089 agnosca·

320 3105 416 3190 bant,
434 3125 503 3173 non
520 3104 728 3174 dubitarunt
743 3128 805 3195 pro
829 3111 942 3176 aeetae
965 3129 1049 3176 suae
1069 3106 1289 3184 schismatico
1305 3107 1432 3198 eapite,

321 3212 523 3303 patriarcha
552 3211 763 3282 Seleuoiensi
794 3214 855 3306 qui
877 3219 961 3284 tuno
993 3216 1184 3284 vocabatur
1210 3214 1432 3299 Dadishous,

193 3339 293 3413 1313
323 3320 539 3410 synodaliter
555 3320 745 3392 acelamare
762 3323 825 3410 (2)·:
849 3321 1070 3392 oTradamus
1088 3322 1316 3415 nosmetipsos
1343 3321 1435 3391 omni

324 3454 341 3490 u
361 3430 482 3499 mortis
494 3430 614 3518 generi
626 3451 687 3520 pro
699 3435 797 3519 patre
809 3434 845 3498 et
856 3429 1019 3500 antistite
1031 3436 1162 3516 nostro,
1177 3431 1238 3522 qui
1250 3436 1303 3499 est
1317 3435 1434 3500 noster

324 3559 341 3596 a
359 3540 472 3603 reotor
484 3541 519 3602 et
530 3537 754 3624 gubernator,
766 3541 872 3625 atque
884 3535 1035 3604 omnium
1047 3535 1161 3605 divini
1174 3537 1333 3606 thesauri
1346 3536 1434 3606 divi·

325 3639 488 3708 otiorum
500 3639 727 3730 dispensator,
739 3641 883 3710 Domino
895 3642 1070 3710 Dadishoo
1082 3641 1261 3712 Catholioo
1280 3645 1354 3728 (sea
1366 3641 1433 3733 pri·

325 3773 341 3809 n
360 3752 477 3835 mate),
490 3747 551 3837 qui
566 3748 664 3816 nobis
686 3755 739 3817 est
754 3748 845 3818 alter
860 3748 1041 3818 PETRUS
1059 3749 1211 3818 CAPUT
1225 3749 1435 3839 reipublicae

325 3867 496 3922 „nostrae
512 3854 765 3924 aeclesiasticae.
786 3883 802 3919 n
827 3856 1002 3926 Nimirum
1025 3857 1193 3927 haeretiei
1216 3857 1373 3928 homines
1395 3881 1434 3929 ex

322 3960 510 4032 traditione
523 3961 729 4049 didicerant,
744 3964 782 4032 in
793 3963 929 4034 Christi
939 3963 1098 4044 Eoolesia
1110 3987 1305 4057 supremam
1317 3974 1434 4038 auoto-

394 4104 436 4180 (1)
455 4109 522 4162 eoo.
537 4111 655 4164 xxvn.
671 4125 736 4177 pag.
748 4111 811 4164 aar.

394 4194 436 4270 (2)
455 4196 522 4252 cos.
532 4198 652 4254 XXVII.
666 4213 731 4265 pas.
743 4199 806 4252 279.
