3018 4672
484 173 656 220 rorensem
671 173 787 221 ornam
1130 153 1196 224 127

54 285 256 355 Ecclesiae
279 293 525 376 pervenerunt.
545 286 634 368 Quis
657 286 748 354 enim
763 292 878 377 potest
892 287 1014 357 laudes
1031 311 1072 357 ex
1089 313 1196 382 aequo

57 395 254 464 celebrare
281 393 390 485 hujus
420 395 461 464 B.
488 395 585 464 Petri
615 395 861 486 Apostolorum
892 397 1062 487 principis
1097 397 1196 467 Sedis

54 502 344 586 invictissimae,
370 502 473 592 cujus
496 502 710 572 sanctissimi
732 503 916 573 Prassules
939 526 999 594 per
1023 506 1118 574 vices
1142 503 1196 575 to‘t

53 611 256 702 tantisque
277 632 340 678 nos
354 609 578 680 cumularunt
591 609 791 680 beneficiis?
807 611 868 702 qui
884 611 920 679 in
936 613 1065 681 nostris
1082 615 1194 703 regio-

55 720 180 788 nibus
210 740 312 788 veree
335 717 417 786 fidei
441 717 547 787 solem
569 725 753 811 postquam
775 741 837 808 per
860 725 914 788 tot
937 720 1053 790 secula
1076 723 1194 791 obscu-

56 833 177 896 ratus
203 831 298 910 erat,
329 847 391 915 ope
412 825 680 915 apostolicorum
711 826 946 916 operariorum
969 831 1012 897 ab
1040 829 1127 919 ipsis
1150 829 1194 898 ad

55 958 192 1004 semen
216 933 374 1004 divinum
397 933 579 1002 serendum
602 935 798 1021 missorum,
821 935 958 1004 renasci
980 957 1021 1006 ac
1042 937 1194 1026 resplen-

57 1045 155 1113 dere
173 1044 343 1130 fecerunt,
363 1041 424 1133 qui
439 1041 656 1131 religionem,
674 1042 849 1132 pietatem,
865 1048 1064 1136 ceterasque
1080 1045 1193 1113 virtu·

57 1158 138 1237 tes,
152 1151 228 1241 jam
242 1150 314 1240 jam
336 1149 379 1218 ad
405 1150 588 1220 interitum
614 1155 802 1236 vertentes,
821 1150 915 1220 inter
930 1173 992 1219 nos
1008 1151 1194 1220 resuscita·

57 1266 173 1346 runt;
194 1260 254 1350 qui
277 1258 314 1326 in
330 1257 547 1327 tristissimis
570 1257 701 1326 nostris
725 1257 994 1344 conditionibus,
1014 1258 1194 1350 inquibus

59 1368 187 1436 omnis
211 1389 289 1457 spes
311 1367 437 1435 salutis
460 1366 558 1434 nobis
582 1366 711 1452 deerat,
731 1367 829 1434 modo
853 1389 913 1457 per
938 1389 985 1452 se,
1011 1366 1109 1435 modo
1133 1389 1194 1457 per

60 1498 173 1545 suam
199 1496 391 1564 supremam
415 1475 507 1565 apud
529 1480 645 1544 terrae
660 1480 841 1563 magnates
855 1475 1136 1544 intercessionem
1153 1495 1194 1543 ac

60 1584 299 1655 salutiferum
314 1582 524 1672 suffragium
540 1583 638 1651 nobis
653 1588 893 1673 occurrerunt;
909 1582 969 1674 qui
984 1583 1120 1653 scholas
1135 1605 1192 1652 no·

60 1695 126 1762 bis
142 1692 299 1784 undique
321 1691 414 1782 erigi
437 1697 619 1776 curarunt,
645 1696 750 1784 atque
774 1691 931 1782 insignia
955 1691 1114 1782 collegia,
1133 1692 1194 1760 nbi

61 1799 308 1869 adolescentes
323 1797 436 1867 nostri
451 1799 597 1866 Levitae
615 1799 725 1867 sacris
741 1797 972 1891 humanisque
987 1801 1125 1866 artibus
1140 1798 1192 1866 in·

62 1910 276 1990 struuntur,
292 1905 361 1995 ipsi
378 1903 514 1994 magnis
536 1903 732 1994 sumptibus
748 1904 992 1993 instituerunt;
1011 1905 1072 1996 qui
1087 1905 1191 1974 socle-

63 2017 145 2084 sias
161 2019 302 2082 nostras
318 2012 399 2080 olim
412 2013 533 2081 tristes
549 2017 653 2104 atque
669 2012 860 2104 squalidas,
871 2013 1065 2104 magnificis
1083 2012 1193 2081 omnis

62 2123 212 2215 generis
235 2121 335 2191 donis
358 2142 399 2189 ao
423 2121 634 2190 ornamentis
656 2121 931 2211 locupletarunt,
950 2127 1054 2212 atque
1071 2121 1192 2192 divino

64 2229 189 2302 cultui
212 2234 441 2320 congruentes
471 2228 721 2316 reddiderunt;
749 2229 809 2319 qui
831 2229 1034 2320 linguarum
1058 2236 1191 2299 nostra·

64 2365 151 2410 rum
176 2343 381 2429 nostraeque
403 2337 628 2408 litteraturae
646 2338 718 2406 fere
735 2338 960 2408 obliteratum
976 2339 1131 2408 studium
1147 2362 1189 2407 ex

65 2449 179 2516 humo
194 2446 406 2531 excitarunt,
425 2451 528 2537 atque
551 2445 596 2514 ed
612 2445 765 2514 debitum
787 2447 946 2515 honorem
971 2447 1008 2514 in
1031 2453 1105 2515 tota
1121 2446 1190 2516 Eu·
1265 2479 1271 2486 ·

65 2577 160 2647 ropa
182 2555 426 2642 restituerunt;
454 2553 514 2645 qui
537 2553 812 2643 typographicas
836 2554 989 2624 officinas
1006 2553 1192 2624 orientales

67 2651 225 2732 omnium
255 2661 292 2729 in
316 2663 479 2731 universo
511 2660 599 2728 Orbe
629 2661 779 2751 primas,
806 2684 911 2753 prope
942 2684 977 2730 se
1007 2685 1069 2752 pro
1092 2662 1192 2730 nobis

63 2771 284 2854 fundarunt,
310 2793 352 2838 ex
376 2769 505 2862 quibus·
524 2767 634 2837 omnis
657 2768 795 2858 generis
818 2768 945 2854 libros,
971 2775 1046 2840 tum
1071 2767 1115 2838 ad
1139 2792 1192 2838 sa·

68 2902 132 2948 ora
157 2876 377 2968 peragenda,
403 2882 477 2944 tum
500 2878 544 2946 ad
567 2875 669 2944 fidem
695 2875 927 2969 pietatemque
950 2875 1110 2945 alendam
1133 2899 1191 2944 ne-

69 2987 255 3070 cessarios,
281 2983 379 3052 nobis
410 2983 691 3074 suppeditarunt.
721 2983 799 3051 Uno
829 2986 934 3054 verbo
960 2983 1084 3070 dicam,
1111 3006 1191 3076 quo·

67 3117 153 3162 nam
178 3093 263 3160 bono
279 3092 355 3162 sive
374 3091 550 3181 religioso,
577 3091 651 3160 sive
676 3092 777 3161 civili
800 3091 1187 3182 tribusposterioribus

69 3199 203 3272 seculis
216 3199 379 3283 fruimur,
392 3199 481 3290 quod
494 3221 562 3266 non
575 3200 617 3267 ab
629 3191 871 3268 aeternallrbe
884 3200 959 3269 sive
971 3199 1101 3267 directe
1115 3196 1191 3265 sive

67 3310 242 3379 indirecte
265 3307 308 3377 ad
331 3330 393 3375 nos
409 3307 606 3377 derivatum
623 3307 695 3376 sit?
711 3307 809 3375 Unde
825 3307 922 3375 decet
937 3327 999 3374 nos
1019 3310 1094 3373 tota
1118 3324 1190 3371 ocr-

68 3419 127 3488 dis
150 3417 318 3484 effusione
334 3414 538 3484 exclamare:
556 3415 584 3484 Ο
599 3415 816 3484 nobilissima
825 3414 921 3482 Petri
937 3412 1085 3502 apostoli
1100 3415 1189 3499 Arx,

69 3548 176 3620 quam
192 3553 207 3588 u
226 3523 379 3614 gloriosa
394 3523 489 3592 diota
512 3529 595 3592 sunt
618 3524 659 3591 de
689 3530 747 3608 te,
782 3521 909 3591 civitas
925 3520 1023 3589 Dein
1049 3520 1100 3606 (1)
1133 3545 1190 3589 no-

69 3635 126 3715 bis
150 3656 171 3700 a
194 3633 355 3722 patribus
378 3632 527 3700 nostris!
547 3631 614 3700 Sed
630 3654 649 3698 o
666 3653 728 3698 nos
744 3629 949 3717 beatissimi;
969 3628 1078 3697 multo
1099 3629 1191 3697 enim

70 3742 292 3834 gloriosiora,
312 3741 421 3809 multo
438 3739 582 3829 majora,
601 3738 709 3807 multo
722 3737 936 3807 mirabiliora
959 3737 1044 3806 filiis
1060 3737 1191 3830 nostris

70 3850 225 3919 dicemus
249 3849 359 3933 dete,
385 3846 636 3938 gloriosissima
659 3845 785 3915 Romal

145 4017 188 4090 (1)
206 4022 252 4074 rs.
266 4021 421 4077 1111111111.
432 4023 459 4075 ³.

502 4189 783 4245 *W
