3018 4672
569 129 730 174 nrrnunrx
746 132 770 173 1.
960 99 963 106 ¹
1164 110 1229 178 115

108 243 193 312 simi
215 262 325 333 acque
340 263 379 310 ac
396 241 605 330 pientissimi
620 242 805 311 Pontifices
821 242 1020 331 hujusmodi
1036 244 1228 314 molestiam

106 350 235 420 nolunt
258 349 497 421 Orientalibus
521 351 656 440 populis
686 353 790 435 dare,
821 352 891 420 erit
917 352 954 420 id
984 359 1227 442 argumentum

109 464 234 527 contra
255 457 460 528 exercitium
492 458 645 548 ipsorum
668 459 788 549 plenae
811 481 851 528 ao
875 460 1088 530 universalis
1110 467 1228 530 auctow

107 565 255 635 ritatisl

175 672 281 743 Haud
303 673 417 762 igitur
447 673 611 762 majorem
639 673 825 742 Pontifices
847 673 994 742 Romani
1020 673 1146 742 babere
1173 679 1226 743 te-

105 785 237 852 nentur
259 781 428 849 rationem
457 782 759 871 patriarchatuum
790 781 946 871 gentium
978 780 1224 870 Syrocbaldai·

106 911 241 972 carum,
260 908 345 979 quos
371 885 440 978 ipsi
455 885 691 956 recentissime
715 887 959 971 instituerunt,
979 907 1080 977 quam
1092 891 1223 976 prima·

106 1011 202 1062 tuum
229 995 446 1086 Hungariae,
471 994 599 1084 Belgii,
625 995 823 1080 Hiberniae,
848 995 1050 1085 Hispaniae,
1069 1001 1135 1064 etc.
1162 997 1222 1087 qui

104 1101 219 1171 multo
242 1102 471 1194 antiquiorem
494 1103 622 1169 habent
645 1101 813 1190 originem
834 1123 936 1194 quam
959 1102 1221 1191 patriarchatus

101 1211 361 1300 Babylonensis
372 1209 634 1296 Chaldaeorum,
648 1210 887 1279 Antiochenus
902 1210 1166 1295 Maronitarum,
1181 1232 1221 1280 ae

101 1319 346 1390 Antiochenus
363 1319 543 1410 Syrorum,
569 1319 773 1409 praesertim
790 1340 865 1418 cum
880 1318 929 1402 hi,
948 1318 1069 1386 habita
1086 1317 1221 1388 ratione

99 1427 387 1512 tristissimarum
411 1427 645 1498 conditionum
669 1427 706 1495 in
729 1427 855 1518 quibus
872 1427 1002 1496 ‘misere
1019 1431 1217 1510 versantur,

100 1537 233 1628 potiori
248 1537 448 1622 directione,
468 1536 591 1624 majori
614 1535 801 1625 adjutorio,
819 1535 950 1604 saniori
973 1534 1119 1625 denique
1143 1556 1219 1602 con-

100 1643 184 1716 silio
203 1643 374 1734 indigent,
393 1666 454 1712 neo
469 1642 610 1711 illorum
631 1643 822 1710 Primatum
845 1643 1095 1710 numerosiores
1117 1641 1219 1711 ditio·

99 1774 227 1844 resque
249 1751 463 1842 suffraganei
485 1751 648 1820 minorem
672 1757 812 1841 possent
835 1751 902 1819 sibi
923 1749 1102 1820 vindicare
1116 1749 1219 1818 liber-

99 1866 212 1928 tatem
229 1880 331 1951 quam
348 1861 632 1928 Patriarchurum
648 1867 846 1929 nostrorum
862 1858 1104 1949 metropolitae
1115 1865 1219 1949 atque

97 1966 266 2056 episcopi.
280 1966 369 2036 Nam
384 1967 611 2037 Patrierobae
634 1967 737 2036 talem
760 1968 957 2037 libertatem
979 1988 1064 2056 erga
1086 1967 1217 2054 seipsos

96 2074 173 2144 suis
190 2075 436 2164 suffraganeis,
459 2075 519 2168 qui
545 2097 620 2145 eam
636 2077 726 2144 forte
749 2081 890 2166 possent
909 2075 989 2165 jure
1013 2073 1213 2158 reclamare,

97 2181 285 2252 concedere
307 2183 576 2274 inopportunum
607 2189 763 2270 censent;
789 2207 891 2252 eccur
914 2183 953 2252 hi
980 2181 1036 2251 vel
1058 2181 1115 2249 illi
1142 2204 1215 2250 eam

96 2289 225 2358 habere
249 2289 420 2360 debebunt
442 2313 527 2381 erga
550 2315 719 2361 summum
742 2291 918 2361 Ecclesiae
938 2290 1159 2380 Principem?

167 2397 258 2466 Sane
281 2397 408 2485 (liceat
423 2399 521 2468 nobis
536 2400 686 2489 ingenue
702 2400 934 2490 interrogare)
959 2421 1025 2488 quo
1042 2397 1214 2488 peculiari

94 2507 296 2576 clarescunt
318 2506 441 2574 merito
464 2508 623 2576 nationes
645 2506 844 2592 Chaldaica,
876 2506 1036 2596 Syriaca,
1064 2505 1213 2575 Maroni·

93 2616 170 2684 tica
198 2620 239 2682 ut
261 2621 399 2703 praeter
426 2636 553 2683 meram
577 2616 842 2706 gratuitamque
866 2613 966 2682 Sedis
988 2613 1214 2703 Apostolicae

93 2720 370 2792 benevolentiam
393 2744 535 2812 magnos
565 2723 745 2813 pontifices
775 2721 975 2813 privilegiis
1006 2721 1213 2813 dotibusque

92 2829 235 2900 eximiis
251 2835 389 2898 ornatos
413 2829 539 2899 habere
554 2830 711 2915 debeant,
730 2853 812 2920 prae
827 2829 1027 2898 nationibus
1044 2829 1209 2920 Angliea,

91 2937 315 3022 Americana,
334 2937 552 3022 Germanica,
571 2937 771 3028 Hispaniae,
798 2937 947 3022 Gallica,
973 2944 1042 3008 etc,
1065 2961 1210 3030 quarum

91 3065 321 3136 unaquaeque
344 3067 459 3113 omnes
481 3045 634 3114 Orientis
656 3046 800 3136 populos
824 3046 1035 3116 christianos
1055 3068 1207 3130 numero,

90 3175 136 3221 ne
160 3151 272 3220 dicam
295 3151 404 3238 aliud,
429 3153 531 3241 longe
554 3154 721 3241 superat?
752 3154 807 3220 An
832 3154 915 3244 quia
937 3153 1114 3238 Chaldaei,
1135 3175 1210 3222 eum

90 3261 158 3328 sub
181 3259 439 3330 nestorianismi
462 3260 611 3328 dominio
635 3269 748 3348 erant,
762 3262 999 3352 patriarcham
1022 3261 1205 3348 habebant,

91 3367 166 3460 qui,
186 3374 306 3458 utpote
329 3388 412 3437 suae
435 3367 629 3438 haereticae
643 3369 821 3440 Ecclesiae
837 3378 953 3462 caput,
972 3371 1123 3461 propriis
1138 3370 1208 3460 pri·
1287 3443 1291 3451 ,

91 3475 238 3565 vilegiis
259 3481 296 3544 et
319 3475 498 3546 distinctis
512 3476 652 3566 juribus
669 3479 854 3568 gaudebat,
874 3479 963 3546 idem
980 3485 1014 3548 et
1031 3479 1068 3547 in
1084 3479 1208 3550 Catho-

89 3583 228 3652 licismo
251 3585 376 3654 habere
399 3586 590 3654 necessario
613 3587 760 3656 debenti
783 3587 1006 3678 Nequaquam
1030 3609 1123 3676 sane;
1149 3589 1207 3659 sed

11 3715 12 3724 ¹
90 3691 185 3784 quod
207 3691 288 3760 olim
311 3691 494 3763 Chaldaeis
516 3695 735 3766 Nestorianis
758 3701 835 3764 erat
864 3696 1066 3786 patriarcha
1090 3698 1207 3769 Seleu-

90 3797 231 3882 eiensis,
249 3822 341 3868 nuno
364 3797 417 3869 est
432 3801 616 3872 Chaldaeis
633 3802 822 3872 Catholicis
838 3805 1001 3874 Pontifex
1017 3807 1203 3878 Romanus.

89 3906 156 3976 Cui
181 3929 294 3976 omnes
317 3907 488 3980 Catholici
518 3911 656 3981 obedire
679 3918 859 3999 tenentur,
887 3915 979 3982 siout
1002 3937 1117 3986 omnes
1139 3916 1205 3986 Ne·

89 4013 239 4084 storiani
261 4014 481 4105 patriarchae
505 4017 729 4089 Seleuciensi.
764 4019 860 4090 Idem
883 4021 1065 4092 dicendum
1089 4024 1129 4092 de
1153 4046 1204 4094 ce·

88 4122 178 4192 teris
201 4121 364 4243 gentibus
388 4123 680 4215 Syrochaldaicis.
706 4127 786 4200 Nisi
801 4129 892 4198 enim
908 4130 1146 4224 unusquisque
1161 4154 1203 4202 ex

1067 4248 1085 4282 a
