3018 4672
543 193 705 242 errarem
721 199 746 244 1.
1157 179 1201 248 95

79 303 172 373 licae
206 304 418 374 anctoritate
441 327 501 395 per
529 329 653 375 novam
678 329 718 376 ac
740 309 928 380 radicalem
944 301 1200 386 institutionem

81 411 254 480 fundatus
281 434 355 480 esse
385 412 552 482 dicendus
584 421 655 502 est,
682 424 865 506 propterea
895 419 972 511 ipsa
997 422 1202 514 Apostolica

81 518 190 587 Sedes
201 518 310 607 hujus
322 521 492 608 Syrorum
508 542 530 587 a
546 544 581 590 se
597 524 782 592 constituti
795 526 1069 615 patriarchatus,
1081 537 1202 620 utpote

79 648 167 694 suae
189 633 392 710 creaturae,
418 627 600 717 specialem
625 652 745 718 gerere
774 654 906 717 curam,
933 656 1078 727 eamque
1101 659 1200 726 pecu·

78 732 185 801 liaris
210 735 467 804 benevolentiae
500 739 717 826 argumentis
748 742 932 832 prosequi,
963 749 1069 834 atque
1102 745 1139 813 in
1163 768 1201 814 eo

78 840 166 908 illas
185 841 300 910 facere
320 842 577 932 dispositiones,
603 866 690 936 quas
713 868 775 935 pro
798 846 876 935 ejus
895 848 1019 936 majori
1035 852 1121 919 bono
1144 875 1199 942 op·

77 948 303 1037 portuniores
325 949 526 1034 crediderit,
553 951 654 1041 pleno
673 952 754 1040 jure
778 955 947 1024 censenda
969 964 1024 1025 est
1047 957 1109 1046 (1).

149 1146 288 1215 Postea
310 1169 398 1238 quae
422 1149 582 1238 superius
605 1151 646 1219 de
669 1149 919 1221 Chaldaeorum
941 1156 1198 1244 patriarchatu,

77 1259 116 1322 et
140 1253 199 1322 hic
215 1254 256 1322 de
274 1253 443 1343 Syrorum
469 1257 710 1343 disseruimus,
736 1260 910 1352 reliquum
938 1267 992 1330 est
1019 1268 1060 1331 ut
1081 1263 1202 1355 aliqua

77 1361 187 1429 etiam
211 1361 366 1430 dicamus
390 1363 432 1432 de
456 1366 582 1434 tertiae
600 1366 755 1435 familiae
772 1367 1038 1456 Syrochaldaici
1063 1371 1201 1459 generis

78 1467 336 1559 patriarchatu,
363 1471 520 1561 inclytae
544 1474 684 1565 inquam
707 1473 1060 1545 MARONITARUM
1083 1479 1200 1567 gentis

78 1597 170 1668 quac
196 1578 379 1666 postremis
403 1580 518 1648 tribus
542 1581 669 1649 seculis
703 1604 865 1671 magnum
890 1586 1061 1652 communi
1093 1585 1198 1675 Syro·

78 1683 324 1753 chaldaeorum
348 1687 479 1754 nomini
503 1687 716 1778 splendorem
744 1690 808 1759 sub
834 1690 955 1759 multis
978 1692 1099 1762 titulis
1123 1717 1199 1762 oon-

77 1793 180 1862 tulit.
209 1793 285 1876 Quo
308 1801 424 1864 autem
447 1796 563 1863 tutius
587 1797 756 1886 possimus
780 1820 927 1890 aequum
951 1798 993 1866 de
1008 1799 1117 1888 hujus
1140 1822 1198 1868 na·

78 1901 191 1969 tionis
218 1902 462 1991 patriarchatu
491 1903 664 1992 judicium
696 1906 809 1988 ferre,
839 1905 946 1994 juvat
976 1913 1057 1975 anta
1086 1907 1201 1975 omnia

79 2008 235 2096 ejusdem
260 2009 428 2099 originem
452 2011 574 2100 paucis
597 2011 803 2100 praelibare.

105 2201 106 2204 Ἴ
149 2114 318 2206 Equidem
342 2115 495 2185 illustris
517 2117 726 2186 Maronitica
749 2142 834 2208 gens
849 2121 991 2210 'semper
1014 2118 1197 2188 caremihi

77 2223 165 2307 fuit,
182 2245 375 2315 magnaque
399 2225 663 2316 omnitempore
685 2232 721 2295 et
744 2227 982 2296 aestimatione
1005 2233 1041 2296 et
1057 2248 1199 2297 venera·

76 2332 175 2400 tione
192 2353 266 2399 eam
289 2356 487 2425 prosequor.
515 2334 588 2402 Imo
611 2335 734 2422 laetor,
754 2337 844 2429 quod
868 2337 1199 2428 spectatissimorum

77 2440 238 2508 virorum
266 2445 325 2531 qui
350 2441 385 2508 in
410 2463 451 2510 ea
474 2441 539 2512 hae
562 2450 683 2511 nostre
706 2451 819 2514 aetate
846 2445 984 2529 florent,
1013 2443 1202 2512 amicitiam

78 2547 168 2616 colo.
195 2548 247 2616 At
262 2547 338 2632 hoc,
357 2549 441 2639 quin
465 2572 516 2618 me
537 2550 581 2618 ad
598 2551 783 2620 veritatem
799 2551 1085 2621 dissimulandam
1101 2551 1200 2620 indu·

78 2661 149 2739 cat,
166 2655 281 2744 magis
296 2656 448 2745 impellit
471 2662 512 2725 ut
534 2657 668 2726 sincere
683 2665 720 2726 et
735 2660 810 2727 eine
827 2659 1050 2728 affectatione
1066 2665 1200 2728 senten·

77 2764 167 2832 tiam
196 2785 303 2832 meam
327 2764 420 2832 circa
443 2765 550 2854 hujus
574 2767 691 2856 gentis
715 2767 884 2857 originem
908 2767 1073 2858 aperiam,
1092 2767 1200 2836 diser·

78 2881 183 2963 teque
210 2871 334 2954 dicam,
353 2895 405 2941 me
421 2896 499 2941 oum
524 2874 718 2942 clarissimo
739 2873 847 2963 hujus
865 2875 1020 2943 nationis
1034 2874 1202 2944 luminari
1332 2957 1333 2960 Ἴ

79 2979 113 3049 J.
135 2980 172 3048 S.
193 2979 456 3067 ASSEMANO,
479 3004 598 3052 sacrae
622 2981 803 3050 orientalis
826 2981 1052 3051 litteraturae
1075 2982 1200 3050 incom-

78 3087 231 3178 parabili
255 3089 423 3180 principe,
448 3112 515 3158 non
539 3111 638 3178 posse
662 3089 858 3173 convenire,
886 3090 946 3158 ubi
970 3090 1007 3157 in
1026 3089 1120 3157 Bitl.
1141 3087 1197 3156 Or.

81 3210 105 3264 r.
126 3203 157 3262 1.
174 3219 259 3286 paq.
274 3203 342 3262 506
362 3181 394 3264 et
416 3221 486 3289 aeq.
517 3197 607 3266 serio
630 3197 810 3266 contendit
826 3218 922 3265 suam
938 3202 1088 3286 gentem,
1104 3217 1202 3264 secus

79 3324 118 3372 ac
141 3306 278 3372 ceteras
302 3303 567 3392 Syroohaldaioi
586 3305 770 3394 sanguinis
795 3305 961 3388 familias,
977 3325 1155 3395 nunquam
1178 3324 1200 3370 a

82 3411 318 3481 commuuione
329 3411 506 3481 Ecclesiae
519 3412 711 3482 catholicae
724 3419 919 3503 separatam
935 3411 1109 3480 extitisse.
1127 3411 1201 3478 Imo

82 3519 183 3588 valde
209 3541 261 3586 me
281 3517 509 3602 admiratione
533 3521 664 3590 moveri
688 3523 814 3604 fateor,
837 3543 913 3588 cum
939 3519 1040 3587 video
1063 3523 1201 3586 tantum

85 3627 224 3712 virum,
251 3627 449 3718 ceteroquin
480 3629 572 3696 omni
605 3628 709 3696 laude
741 3627 976 3718 superiorem,
1002 3624 1203 3716 hujusmodi

83 3734 292 3804 sententiam
317 3734 470 3824 potuisse
494 3737 606 3821 tueri,
631 3735 729 3805 nullo
753 3735 940 3804 suffultum
963 3734 1074 3804 solido
1097 3755 1201 3823 argu·

85 3851 221 3929 mento,
247 3849 370 3913 eontra
398 3843 499 3911 fidem
524 3851 579 3913 tot
606 3844 829 3935 antiquorum
858 3842 1027 3926 testium,
1053 3840 1204 3909 maxima

84 3974 126 4021 ex
148 3960 247 4044 parte
271 3953 499 4038 oculatorum,
521 3951 752 4022 ΤΙΜΟΤΗΕΙ
775 3951 916 4042 inquam
931 3950 962 4019 Ι.
981 3951 1203 4042 patriarchae

154 4185 195 4261 (1)
213 4189 317 4244 (lonter
337 4189 551 4256 praecedentem
571 4194 676 4244 notam.
