3018 4672
352 188 388 229 11«
410 185 609 232 corrrmuar.
634 187 747 232 rauca.
767 177 906 233 arrscor.
1143 169 1186 237 85

82 313 85 320 ·
135 297 269 387 Nempe
291 319 353 386 pro
375 297 572 382 Chaldaeis,
597 298 678 366 dum
701 300 894 369 nestoriani
918 305 1012 386 sunt,
1031 324 1185 371 summus

58 405 232 495 pontifex
243 407 325 494 (etsi
342 405 447 490 falso)
463 411 518 474 est
533 406 736 496 patriarcha
752 407 993 496 Seleucicusis;
1008 408 1068 478 sed
1080 407 1186 477 simul

58 534 108 582 ac
121 513 336 582 catholicum
350 513 600 603 ingrediuntur
613 514 947 606 ovile,patriarchae
956 515 1186 586 Seleuciensis

58 621 284 712 illegitimus
307 622 482 710 primatus
498 629 623 706 cessat,
649 623 831 714 locumque
853 624 1005 693 Romano
1029 624 1187 716 pontifici

60 729 177 798 cedit.
192 729 307 799 Eccur
320 750 407 820 quae
416 734 532 819 potest
542 731 828 801 Nestorianorum
842 753 1022 822 supremus
1031 733 1186 824 pontifex

60 861 149 932 cum
156 837 192 908 N
192 837 389 921 estorianis,
397 859 465 905 non
474 843 589 927 potest
596 837 853 908 Catholicorum
866 863 1019 909 summus
1028 841 1188 910 sacerdos

59 967 149 1014 oum
170 944 383 1012 Catholicis?
397 944 469 1012 Cur
491 944 589 1013 illam
612 947 837 1015 auctoritatis
848 953 1065 1037 potestatem,
1084 971 1187 1041 quam

58 1053 103 1122 in
126 1052 257 1136 indiis,
282 1053 319 1120 in
344 1053 586 1137 Turcomauia,
613 1054 649 1121 in
674 1053 851 1140 Tartaria,
877 1055 914 1122 in
938 1055 1046 1141 Sinis,
1061 1055 1099 1123 in
1122 1055 1187 1124 Pa-

58 1159 234 1244 laestina,
259 1160 297 1228 in
327 1159 444 1250 Cypro
474 1159 679 1249 patriarcha
708 1161 993 1231 Nestorianorum
1027 1184 1187 1232 exercere

60 1268 202 1359 potuit,
220 1291 289 1336 non
311 1273 426 1360 potest
448 1268 485 1336 in
508 1269 662 1358 Assyria
677 1275 714 1336 et
737 1269 912 1340 Chaldaea
934 1278 972 1339 et
994 1271 1121 1364 ubique
1137 1269 1186 1339 lo-

61 1401 190 1447 corum
213 1376 653 1446 exercere‘Catholicorum
676 1400 830 1447 summus
852 1379 1022 1468 pontifex,
1041 1401 1063 1446 a
1085 1378 1187 1470 cujus

60 1486 308 1569 eoncessione,
331 1485 525 1554 fatentibus
554 1484 642 1575 ipsis
664 1485 883 1555 Nestorianis
906 1486 969 1576 (l),
995 1488 1188 1558 auctoritas

61 1593 235 1684 primatis
257 1593 400 1662 illarum
423 1593 603 1683 regionum
627 1592 796 1682 originem
819 1593 968 1662 habuit?

134 1701 217 1790 Age
241 1722 322 1770 vero
336 1700 474 1768 etiamsi
489 1699 759 1790 patriarchalem
782 1701 926 1786 sedium,
945 1723 1032 1795 quas
1048 1712 1185 1792 vocant,

63 1809 342 1903 apostolicarum
378 1809 634 1878 institutionem
669 1810 894 1900 apostolicam
924 1813 1093 1902 originem
1127 1813 1187 1880 ha-

62 1919 189 1989 buisse
204 1919 423 2001 concedatur,
450 1919 540 2009 quod
559 1939 628 1984 non
651 1918 735 1986 adeo
751 1924 882 1987 certum
897 1923 961 2004 est,
976 1920 1069 1990 hunc
1084 1921 1186 1990 hono·

63 2049 144 2098 rem
175 2027 330 2117 profecto
360 2025 498 2094 nonnisi
529 2025 597 2093 duo
620 2049 661 2095 ex
685 2026 863 2096 hodiernis
889 2027 1188 2118 patriarchatibus

62 2139 151 2228 post
164 2135 357 2202 Romanum
378 2139 518 2223 possent
540 2131 608 2201 sibi
624 2134 816 2220 vindicare,
835 2134 928 2204 iuter
943 2158 1028 2226 quos
1052 2135 1186 2204 nullam

64 2245 204 2314 habent
225 2250 359 2334 partem
382 2248 458 2311 tum
483 2241 569 2331 Syri
591 2250 667 2310 tum
685 2241 864 2312 Chaldaei.
887 2245 938 2312 At
954 2245 1189 2336 quidquid'sit

65 2353 110 2424 de
129 2351 394 2444 patriarchatus
410 2337 547 2442 antiqui
570 2351 717 2442 origine,
736 2353 903 2444 numquid
921 2354 1114 2423 auctoritas
1137 2353 1188 2423 di·

65 2461 212 2532 vinitas
228 2459 394 2529 iustituta
416 2460 460 2527 ab
482 2459 705 2529 institutione
720 2460 870 2560 humana
884 2461 1034 2530 limitari
1049 2461 1188 2552 potest?

67 2573 150 2642 Ant
171 2569 339 2662 numquid
355 2567 450 2637 credi
466 2573 592 2658 potest,
610 2568 801 2637 Ecclesiam
817 2567 893 2636 ideo
908 2568 1187 2658 patriarchatum

67 2677 291 2762 instituisse,
317 2681 358 2746 ut
384 2677 439 2744 sui
465 2677 618 2767 supremi
640 2676 776 2768 Capitis
806 2682 1012 2767 potestatem
1043 2675 1188 2770 aequili-

68 2789 221 2858 braret?

139 2895 190 2964 Et
208 2901 249 2962 ut
271 2893 315 2963 ad
340 2899 583 2984 argumentum
607 2898 764 2960 nostrum
788 2891 932 2983 propius
962 2893 1185 2979 accedamus,

71 3001 286 3096 quaerimus:
314 3001 354 3071 Si
380 3001 472 3092 apud
496 2999 721 3070 Nestorianos
749 2999 988 3070 schismaticos
1003 3001 1113 3070 omnis
1136 3023 1188 3072 aa·

70 3109 262 3182 cerdotalis
285 3113 438 3200 potestas
460 3109 503 3175 ab
526 3128 595 3176 uno
616 3113 691 3176 tum
712 3107 793 3196 jure
815 3113 891 3177 tum
913 3109 1007 3177 facto
1029 3129 1188 3178 emanare

70 3217 175 3289 debet
188 3211 198 3304 ,
233 3239 322 3286 anne
355 3215 528 3285 Catholici
564 3239 582 3284 e
611 3221 755 3301 contra,
784 3215 878 3307 apud
908 3237 993 3306 quos
1021 3215 1112 3284 solos
1135 3223 1189 3285 est

70 3350 180 3398 verus
197 3325 308 3396 omnis
324 3323 511 3396 sacerdotii
526 3332 562 3395 et
577 3325 765 3415 potestatis
788 3321 984 3414 spiritualis
1009 3323 1097 3408 fons,
1111 3323 1188 3414 plu-

71 3459 128 3506 res
152 3435 244 3504 idest
265 3441 350 3520 tres,
365 3440 526 3526 quatuor,
541 3432 693 3524 quinque
714 3438 750 3500 et
768 3431 875 3500 etiam
896 3430 1046 3521 amplius
1062 3430 1187 3500 habere

73 3544 211 3628 debent,
234 3543 357 3612 saltem
377 3543 418 3610 de
444 3543 548 3625 facto,
572 3540 748 3630 principes
768 3538 954 3608 sacerdotii
975 3539 1110 3628 patres?
1125 3537 1187 3607 Et·

72 3654 166 3721 enim
176 3649 335 3720 Ecclesia
347 3647 519 3719 catholica
534 3647 610 3716 sine
625 3645 840 3738 patriarchis
856 3645 983 3737 optime
1000 3645 1188 3716 subsistere

73 3765 201 3852 potest;
215 3773 362 3850 namque
373 3780 416 3826 ne
430 3755 572 3846 longius
583 3777 712 3840 eamus,
726 3759 879 3843 tempore
891 3753 1031 3823 concilii
1043 3753 1187 3824 Triden-

73 3865 141 3937 tini
165 3865 286 3935 nullus
309 3863 503 3937 catholicus
527 3861 730 3953 patriarcha
752 3861 892 3952 proprie
923 3861 1039 3930 dictus
1062 3860 1100 3929 in
1122 3854 1186 3930 Ec·

74 3969 180 4041 alesia
192 3969 436 4040 existebatAt
447 3973 606 4061 potestne
616 3965 776 4038 Ecclesia
787 3965 959 4037 catholica
971 3967 1045 4037 sine
1058 3959 1186 4036 summo

144 4203 334 4280 (1)Vid.loc.
350 4207 401 4261 sub
419 4207 522 4261 littera
540 4208 652 4265 (ΜΕ.
864 4213 867 4220 ,
