3006 4672
418 199 684 247 orrrrcunrrrou
700 201 832 248 sonurro
1144 177 1188 248 19

60 310 189 382 ceteris
213 310 395 403 Apostolis
416 311 454 380 in
470 335 587 382 eorum
611 313 733 383 officiis
756 313 912 383 dieitur?
935 313 1067 384 Deinde
1083 335 1125 383 ex
1148 336 1187 384 eo

60 419 154 511 quod
177 419 312 490 Christi
334 419 456 490 laudes
479 421 516 490 in
539 420 642 490 libris
676 421 960 512 Syrochaldaicis
992 421 1188 502 sublimiori

58 526 161 616 stylo
183 529 317 618 poetico
341 529 499 599 videmus
523 529 714 614 celebrari,
741 529 869 600 licetne
885 530 966 599 inde
982 530 1188 601 concludere

59 634 168 703 istam
191 635 385 706 Ecclesiam
408 635 611 727 hujusmodi
633 637 730 706 dotes
761 637 798 705 in
827 635 969 706 Christo
1000 637 1090 707 serio
1119 660 1188 706 non

60 742 275 833 agnovisse?
298 742 395 814 Idein
418 743 601 812 dicendum
631 745 673 814 de
703 744 868 813 laudibus
897 745 940 814 B.
963 745 1007 815 V.
1029 745 1185 832 Mariae,

59 858 135 920 tam
160 850 401 944 frequentibus
424 851 462 920 in
485 851 594 943 hujus
616 851 795 922 Ecclesiae
818 852 932 921 libris.
948 853 1106 946 Denique
1122 853 1188 924 fal·

60 959 166 1044 sitas,
193 959 467 1052 quibuscumque
490 959 635 1028 floribus
659 981 700 1029 eo
731 959 945 1030 ornamentis
976 961 1185 1052 obtegatur,

61 1089 253 1160 numquam
277 1067 440 1137 veritatis
464 1067 612 1159 speciem
642 1068 787 1139 induere
822 1075 959 1160 potest,
986 1069 1046 1138 sed
1075 1069 1189 1160 magis

61 1197 102 1245 ac
127 1175 243 1265 magis
266 1176 384 1266 turpis
405 1175 579 1246 redditur.

131 1283 318 1369 Ceterum,
344 1306 387 1354 ne
409 1289 570 1375 putemus
601 1283 794 1354 Ecclesiam
820 1283 1131 1375 Syrochaldaicam
1153 1285 1190 1353 iu

64 1392 141 1460 suis
163 1391 268 1460 libris
291 1393 528 1461 tantummodo
551 1392 733 1482 liturgicis
751 1392 907 1460 in-Petro
930 1391 1120 1482 primatum
1135 1391 1189 1480 ju·

63 1501 285 1570 risdictionis
303 1522 344 1570 ac
359 1501 555 1591 magisterii
574 1523 770 1590 agnoscere.
786 1502 960 1570 Habemus
975 1501 1065 1570 enim
1080 1499 1189 1569 libros

65 1609 262 1695 canonicos,
277 1608 475 1694 historicos,
492 1608 718 1698 theologicos,
745 1609 838 1677 omni
861 1610 1007 1699 possiet
1023 1607 1190 1677 sermonis

64 1725 194 1787 ornatu
218 1724 386 1804 carentes,
412 1717 449 1784 in
473 1718 600 1809 quibus
622 1717 755 1786 veritas
778 1717 843 1786 illa
858 1740 926 1786 non
942 1717 1056 1786 minus
1071 1722 1189 1807 aperte

64 1825 302 1917 praedicatur,
327 1831 368 1893 ut
392 1823 586 1894 videbimus
609 1824 831 1914 paragrapho
855 1823 1026 1915 sequenti.

131 2041 181 2110 Π.
205 2039 319 2131 Objici
342 2044 469 2130 polest:
497 2038 657 2107 Omnibus
674 2038 756 2127 fere
780 2037 895 2104 titulis
918 2037 955 2102 iu
972 2037 1073 2104 tibris
1090 2037 1189 2126 Syro·

70 2149 264 2217 chaldaicis
287 2149 391 2216 Petro
416 2146 520 2228 dotis,
538 2146 687 2214 uidemus
703 2148 805 2213 etiam
820 2147 992 2212 uniuersos
1006 2143 1190 2236 Apostolos

68 2261 106 2325 iu
131 2256 253 2324 iisdem
278 2257 380 2322 libris
404 2255 574 2325 laudatos.

134 2367 179 2436 R.
197 2365 275 2435 Non
291 2365 500 2449 inficiamur,
519 2364 647 2433 multos
666 2385 707 2432 ex
721 2362 870 2454 propriis
885 2363 927 2431 B.
943 2361 1043 2430 Betri
1055 2359 1187 2446 titulis,

66 2470 102 2546 in
118 2473 250 2543 nostris
267 2472 514 2542 ecclesiasticis
533 2471 635 2540 libris
650 2471 763 2540 tribui
778 2471 884 2540 etiam
901 2469 1093 2560 Apostolis.
1109 2468 1190 2538 Sac-

66 2605 107 2676 pe
130 2583 222 2652 euim
237 2581 389 2671 legimus
405 2580 598 2648 Ecclesiam
612 2603 713 2669 super
728 2579 972 2668 Apostolorum
982 2575 1190 2664 fundamen·

71 2707 141 2758 tum
157 2689 375 2778 aedificatam
399 2711 478 2769 esse,
496 2687 682 2776 Apostolos
706 2686 814 2752 claues
836 2683 989 2752 soluendi
1004 2699 1035 2751 et
1051 2681 1192 2773 lipardi

69 2825 91 2868 a
115 2799 255 2870 Olristo
279 2799 457 2887 accepisse,
474 2819 585 2862 cortem
605 2793 709 2885 fldem
733 2818 799 2861 esse
821 2794 1001 2862 Ecclesiae
1024 2793 1189 2883 pluriam,

65 2906 328 2998 fortitudinem,
352 2904 630 2986 sustentaculum,
655 2908 722 2972 etc.
751 2902 819 2972 Sed
837 2902 927 2996 ·haec
949 2899 1090 2970 minima
1113 2922 1191 2991 pro·

71 3017 167 3108 prius
182 3013 281 3085 Petri
293 3012 562 3104 praerogativas
577 3011 751 3096 minuunt,
773 3010 875 3079 immo
898 3032 956 3080 eas
972 3008 1188 3114 confirmant.

71 3125 160 3194 Nam
183 3123 231 3192 1.⁰
243 3122 382 3215 quidem
399 3120 529 3191 similia
544 3121 653 3189 effata
667 3141 735 3188 non
749 3117 1026 3209 pronunciantur
1042 3116 1083 3185 de
1098 3115 1190 3204 Apo·

72 3232 172 3302 stolis
189 3229 332 3300 seorsim
349 3229 511 3319 sumptis,
526 3233 562 3298 et
584 3249 606 3295 a
622 3228 726 3296 Petro
742 3225 927 3316 separatis,
941 3224 1000 3293 sed
1019 3223 1061 3291 de
1074 3244 1190 3291 eorum

75 3345 175 3410 coetu
192 3337 388 3422 collectivo,
406 3340 603 3426 computato
620 3357 696 3404 cum
712 3333 758 3402 iis
773 3335 888 3416 Petro,
903 3331 1004 3398 immo
1018 3329 1191 3420 principa-

74 3453 148 3516 tum
169 3447 264 3516 inter
288 3468 345 3514 eos
367 3449 519 3514 tenente.
546 3443 645 3512 Unde
668 3443 713 3512 ad
737 3440 954 3510 concilianda
976 3437 1060 3508 haec
1083 3438 1192 3506 effata

76 3579 150 3626 oum
173 3555 220 3624 iis
243 3575 331 3647 quae
354 3553 395 3623 de
417 3553 522 3622 Petro
545 3550 778 3641 singulariter
802 3549 979 3632 dicuutur,
994 3552 1129 3638 oportet
1151 3551 1193 3616 ut

75 3665 229 3734 dicamus
241 3683 282 3731 ea
293 3661 369 3730 ideo
381 3658 611 3750 deApostolis
623 3658 706 3742 dici,
721 3657 804 3750 quia
813 3657 939 3725 Petrus
952 3654 1192 3726 consideretur

77 3795 151 3841 cum
163 3771 221 3858 iis,
233 3770 294 3863 qui
305 3767 530 3838 auctoritatis
541 3772 577 3835 et
588 3765 775 3834 sacerdotii
792 3764 1006 3835 constitutus
1019 3784 1040 3830 a
1051 3761 1192 3833 Christo

79 3881 151 3950 tous
174 3886 211 3951 et
233 3877 333 3968 origo
360 3873 425 3963 (E,
446 3872 534 3955 (iv,
556 3871 690 3962 llll),
717 3896 760 3941 ex
783 3893 848 3940 sua
873 3868 1093 3961 plenitudine
1116 3868 1191 3938 suis

80 3989 248 4059 iratribus
270 3985 545 4057 communicabat
571 3978 642 4071 (V,
658 3979 717 4062 X,
734 3977 833 4072 tw)
856 4000 980 4070 eosque
995 3977 1139 4066 regebat
1156 3981 1192 4045 et

81 4097 294 4187 gubernabat
306 4092 382 4184 (B,
404 4093 456 4172 lu,
483 4095 581 4179 eta).

144 4205 194 4278 2⁰
205 4203 293 4274 Inde
314 4208 432 4272 tamen
449 4202 611 4272 uolumus
626 4197 843 4283 concludere,
857 4191 1043 4286 Apostolos
1054 4213 1123 4261 non
1138 4214 1192 4284 acg
