3006 4672
292 143 338 212 ⁴0
603 165 643 208 DE
665 164 830 210 Palinurus
853 163 1102 208 rsarsrmrm

296 301 313 336 n
330 271 381 342 Et
402 271 463 365 qui
485 271 576 342 hauc
598 272 800 343 cathedram
822 273 1018 342 hereditate
1042 272 1162 356 habet,
1187 271 1314 339 Petrus
1334 275 1424 352 est,

296 407 313 442 o
331 385 368 450 et
389 377 526 450 Christi
547 401 629 470 pars
652 387 707 450 est
728 380 773 450 ad
795 383 910 452 instar
932 380 1043 449 Petri.
1063 408 1080 442 s
1418 467 1422 472 Ι

362 487 464 570 Quod
487 487 532 556 ad
556 485 665 577 Syros
689 511 750 558 seu
769 489 950 558 Jacobitos
972 489 1115 571 attinet,
1139 488 1323 556 audiamus
1349 488 1427 555 hu·

292 593 354 682 jus
377 599 492 664 sectae
518 601 692 666 auctorem
721 597 853 666 saeculi
876 596 941 666 IX.
967 595 1095 664 liccem
1118 596 1332 684 Barcepham
1356 618 1426 662 su-

296 721 361 792 pra
383 701 555 788 citatum,
581 703 641 795 qui
673 704 715 774 de
745 705 875 772 ritibus
903 703 1176 784 consecrationis
1206 701 1426 793 episcopalis

298 829 406 900 agens
421 813 459 876 iu
475 811 707 901 Eupcsitioae
719 811 1015 880 Ouercmcaiurum
1031 809 1273 878 ordinationis
1289 810 1338 896 (1)
1348 809 1424 876 ait:

107 931 269 1008 mm
303 945 319 980 a
336 915 375 988 si
393 919 592 1008 patriarcha
608 925 662 988 eet
681 919 742 1010 qui
757 925 992 1000 consecratur,
1007 923 1105 1002 tunc,
1120 923 1262 1008 praeter
1274 939 1316 985 ea
1330 937 1426 1008 quae

301 1023 379 1094 ode
405 1025 597 1096 traditione
621 1027 736 1096 buculi
760 1026 948 1116 pastoralis
971 1047 1078 1115 supra
1101 1026 1199 1094 diota
1229 1035 1331 1110 sunt¹
1356 1047 1427 1115 per

302 1132 608 1222 nucceptatiouem
633 1131 748 1202 baculi
774 1131 964 1222 pastoralis
991 1131 1216 1220 significatur
1239 1131 1425 1200 Christum

300 1263 316 1302 o
334 1237 403 1328 ipsi
426 1237 540 1308 dicere
564 1239 600 1308 id
623 1239 714 1331 quod
736 1238 841 1306 Petro
863 1237 930 1306 soli
946 1237 1050 1320 dixit,
1068 1259 1200 1326 nempe:
1220 1237 1428 1305 conserere

251 1428 255 1437 Ι
301 1371 316 1408 o
336 1359 368 1414 et
377 1347 679 1438 confirmassemus
693 1363 778 1430 taos,
787 1352 824 1416 et
834 1347 881 1414 Tc
894 1369 927 1412 es
936 1346 1057 1427 Petra·
1069 1345 1197 1436 quibus
1209 1346 1333 1414 verbis
1344 1369 1425 1414 eum

301 1479 316 1514 o
336 1453 563 1544 suisuollogis
570 1455 751 1543 praefecit,
759 1474 967 1545 quamquam
975 1459 1258 1541 omuespustores
1266 1459 1422 1522 esserto

300 1559 446 1630 simeo
469 1582 536 1630 nou
560 1561 750 1646 sufiiciunt,
776 1562 994 1652 proferamus
1017 1561 1122 1628 etiam
1139 1560 1248 1628 elium
1263 1561 1426 1630 testimo·

299 1669 409 1753 nium,
435 1669 652 1760 desumptum
675 1693 717 1740 ex
741 1667 947 1760 inaugurali
978 1669 1109 1757 hymno
1140 1691 1208 1760 quo
1235 1667 1327 1760 Syri
1358 1668 1425 1735 Pa·

299 1775 490 1847 triuruhom
514 1799 615 1848 suum
639 1777 684 1847 ed
707 1801 743 1846 se
768 1777 963 1848 venientem
992 1777 1186 1865 recipiunt,
1209 1775 1248 1842 in
1272 1798 1342 1867 quo
1366 1795 1423 1844 cs-

176 1901 267 1976 111
298 1889 407 1954 runt:
436 1885 543 1955 «Ave
566 1907 648 1954 vere
671 1885 809 1969 Pastor,
835 1883 1092 1974 sapientissime
1114 1883 1256 1967 Rector,
1277 1879 1428 1970 fonda-

302 2005 481 2060 »meorum
499 1991 677 2060 Ecclesiae
702 1993 791 2058 ricus
809 1991 943 2071 Petrae,
975 1995 1010 2058 et
1032 1987 1142 2057 Paulo
1166 1987 1423 2058 simillime.....

302 2123 317 2162 r
335 2098 446 2167 Beato
461 2103 516 2166 est
529 2096 701 2183 Eooleeis,
719 2117 807 2186 quae
822 2103 858 2164 te
874 2096 1039 2184 suscepit.
1058 2122 1074 2156 r
1100 2093 1246 2163 Constat
1259 2094 1378 2184 igitur
1389 2101 1429 2164 et

300 2207 410 2296 Syros
429 2226 595 2277 summam
617 2206 710 2295 apud
738 2227 774 2274 se
800 2204 1046 2274 auctoritatem
1071 2203 1232 2272 derivare
1249 2226 1291 2270 ex
1307 2203 1351 2270 Β.
1362 2203 1427 2272 Pe-

299 2316 349 2384 tri
383 2313 549 2404 primatu.
585 2313 713 2384 Utrum
741 2335 824 2382 vero
847 2314 911 2382 hoc
943 2312 1065 2380 merito
1089 2311 1243 2394 faciant,
1269 2309 1306 2379 id
1328 2333 1428 2380 nunc

299 2443 367 2492 nou
388 2421 600 2514 quaerimus:
621 2422 708 2491 satis
728 2421 845 2490 sithiu
857 2441 919 2488 nos
931 2421 1196 2502 demonstrasse,
1212 2417 1317 2504 juxta
1330 2441 1427 2486 men-

299 2535 367 2598 tem
390 2527 567 2600 Eoolesiae
592 2527 899 2617 Syroohaldaioue,
924 2528 1114 2617 primatum
1137 2525 1181 2592 ad
1198 2547 1298 2616 quem
1320 2524 1426 2592 Chri-

300 2643 377 2708 stus
398 2637 541 2708 Petrum
565 2659 628 2728 pro
652 2638 738 2706 bono
760 2634 939 2706 Ecclesiae
962 2633 1130 2717 elevavit,
1161 2655 1231 2701 non
1262 2633 1428 2702 debuisse

299 2763 360 2836 per
383 2743 460 2831 ejus
483 2748 627 2812 mortem
651 2743 693 2811 ab
716 2739 875 2812 Ecclesia
898 2762 1051 2823 cessare,
1084 2739 1144 2808 sed
1175 2759 1314 2809 necesse
1346 2759 1427 2807 esse

302 2855 344 2920 ut
365 2849 414 2920 sit
438 2871 571 2940 semper
595 2849 632 2916 in
654 2848 814 2919 Ecclesia
829 2869 921 2918 unus
938 2869 1093 2916 summus
1119 2846 1255 2930 Pastor,
1282 2846 1343 2936 qui
1369 2868 1427 2914 ea-

302 2957 379 3028 dem
395 2957 493 3026 Petri
509 2957 721 3026 auctoritate
736 2955 774 3024 in
790 2956 867 3047 ipsa
882 2953 1025 3045 polleat,
1043 2974 1187 3045 eamque
1201 2973 1287 3042 erga
1304 2975 1427 3022 omnes

302 3063 437 3134 Christi
460 3062 580 3134 fidelos
604 3069 775 3134 exerceat.

375 3262 416 3336 (1)
435 3263 502 3318 coo.
517 3265 659 3330 Slcrfiua.
681 3279 746 3330 pur.
763 3263 814 3317 18⁵
832 3271 915 3316 recto.
