3006 4672
402 163 444 206 nx
468 163 680 206 mouunnums
704 156 924 207 sruoormrn.v
1167 140 1210 206 57

80 271 287 338 schismata
313 273 349 339 in
379 273 519 340 Oriente
546 275 761 362 irruperunt,
789 273 999 364 populosque
1024 273 1208 359 Syrochal-

80 377 214 446 daicos
237 380 426 447 dilacerare
451 389 647 470 coeperunt.
673 381 782 448 Exeo
806 389 957 469 ternpore
981 381 1115 448 avulsis
1137 381 1210 448 illis

80 487 235 574 populis
251 509 271 552 a
290 494 408 554 centro
431 489 591 570 unitatis,
618 487 798 555 vivificum
822 487 911 554 illud
936 511 1075 576 germen
1099 489 1211 576 coepit

81 593 282 681 paullatim
305 617 340 661 se
367 594 557 676 retrahere,
577 595 694 677 donec,
722 595 985 682 superveniente
1012 595 1127 662 seculo
1142 595 1205 662 IX.

81 724 223 788 magno
244 701 361 768 Photii
385 702 593 786 schismate,
619 709 656 769 et
689 725 750 790 per
780 701 973 769 Caerularii
1008 703 1208 790 completam

81 809 322 876 defectionem
346 810 462 877 seculo
491 811 567 876 Xr.
595 832 718 876 novam
744 810 813 875 vim
844 814 1061 893 assumente,
1088 816 1129 876 ut
1158 817 1208 877 to·

80 917 218 984 taliter
244 917 417 984 Orientem
445 919 487 983 ab
514 917 698 985 Occidente
735 918 950 1006 sejunxerit,
982 917 1046 984 hoc
1070 941 1208 1006 germen

83 1023 130 1087 in
156 1023 298 1090 Oriente
334 1047 393 1112 per
421 1023 537 1091 secula
568 1024 769 1092 delitescere
801 1024 913 1090 visum
941 1031 1006 1090 est.
1040 1024 1208 1114 Equidem

84 1154 155 1218 per
186 1139 320 1220 tempus
343 1131 497 1214 delituit,
524 1137 562 1196 at
592 1154 659 1196 non
683 1138 856 1198 mortuum
880 1138 943 1198 est.
970 1131 1057 1196 Nam
1083 1133 1209 1199 seculis

83 1239 357 1327 posterioribus,
376 1239 419 1306 ad
443 1262 504 1306 nos
521 1239 763 1322 vicinioribus
790 1261 867 1306 cum
885 1239 1075 1327 adjuvante
1088 1241 1210 1307 divina

85 1347 216 1434 gratia
239 1369 298 1436 per
328 1346 440 1414 zelum
472 1347 769 1413 missionariorum
794 1346 893 1413 Sedis
916 1346 1137 1435 Apostolioae
1152 1372 1208 1436 po-

86 1454 172 1542 puli
197 1454 462 1542 Syroohaldaici
492 1455 608 1522 avitas
641 1455 868 1536 traditiones,
903 1461 1043 1542 propter
1074 1476 1209 1542 praece·

85 1562 215 1628 dantia
249 1562 437 1630 schismata
464 1562 690 1644 obliteratae,
722 1584 911 1644 resumere,
944 1562 1123 1651 sinumque
1141 1583 1209 1627 rna-

85 1667 162 1735 tris
200 1669 377 1737 Ecclesiae
410 1672 452 1736 ab
486 1669 574 1757 ipsis
607 1675 706 1737 tanto
745 1676 897 1758 tempore
927 1667 1112 1736 derelictae
1152 1689 1208 1757 ap·

86 1784 211 1865 petere
247 1779 431 1865 coeperint,
470 1800 609 1866 germen
637 1778 727 1844 illud
766 1777 974 1866 apostolicae
1008 1775 1210 1843 traditionis

86 1885 329 1972 principatum
356 1887 529 1952 Romanae
557 1885 733 1952 Ecclesiae
759 1884 991 1973 respicientia,
1011 1889 1130 1972 sponte
1147 1906 1209 1950 sua

89 1989 193 2058 illico
228 1990 499 2079 repullulascere
533 1991 648 2058 visum
677 1998 740 2074 est,
777 1991 829 2056 ita
857 1999 897 2056 nt
928 1989 1002 2056 sine
1036 1989 1110 2056 ulla
1143 1991 1209 2057 dif-

89 2096 254 2164 ficultate
279 2103 353 2163 tum
375 2096 552 2179 Chaldaei,
570 2104 645 2163 tum
663 2096 758 2184 Syri,
777 2103 851 2162 tum
876 2095 982 2162 ceteri
1006 2095 1074 2162 filii
1086 2097 1206 2181 Aram,

89 2207 190 2272 facta
217 2225 294 2270 cum
321 2205 475 2271 Romana
501 2204 658 2271 Ecclesia
690 2203 833 2286 unione,
865 2202 966 2268 fidem
989 2203 1026 2268 in
1050 2203 1126 2290 ejus
1154 2227 1209 2270 su·

90 2329 245 2400 premam
269 2312 525 2396 auctoritatem,
544 2334 611 2378 non
643 2319 777 2378 utrem
800 2331 944 2393 novam,
964 2311 1022 2378 sed
1051 2316 1090 2378 ut
1121 2312 1210 2378 anti-

91 2420 297 2510 quissimam
306 2443 472 2509 gemmam
485 2421 657 2500 amissam,
668 2419 762 2485 ultro
775 2417 979 2505 receperint.
996 2418 1096 2498 Quod
1107 2417 1212 2486 histo

91 2527 149 2593 ria
171 2529 409 2595 conversionis
435 2529 725 2598 Nestorianorum
751 2533 786 2592 et
804 2525 1042 2592 Jacobitarum
1067 2525 1211 2592 mirifice

91 2640 261 2718 testatur,
276 2642 379 2724 prout
386 2635 502 2724 legere
515 2643 568 2702 est
581 2633 672 2724 apud
686 2633 854 2716 Strozam,
867 2630 1106 2714 Asscmanum,
1121 2631 1212 2718 Ray·

92 2741 252 2826 naldum,
261 2743 361 2809 alios.
375 2743 564 2810 Testantur
576 2741 612 2808 id
625 2740 795 2829 imprimis
805 2737 980 2806 mirabilia
992 2744 1208 2827 argumenta,

94 2871 184 2940 quae
212 2871 294 2917 suae
324 2871 408 2938 erga
439 2851 608 2917 Romanos
631 2847 808 2937 pontifices
834 2845 1075 2912 observantiae
1098 2851 1133 2912 et
1153 2845 1211 2910 ob·
1296 2869 1299 2876 *

92 2959 207 3050 sequii
224 2963 298 3024 tum
319 2958 424 3025 dictis
440 2961 514 3024 tum
538 2957 643 3023 factis
671 2955 809 3042 saepius
829 2953 999 3022 dederunt
1019 2953 1122 3041 primi
1155 2950 1212 3018 illi

90 3088 262 3133 novorum
277 3064 533 3132 Catholicorum
560 3064 675 3132 duces.

161 3173 299 3240 Revera
320 3171 478 3240 hodierni
498 3169 701 3240 Nestoriani
728 3175 763 3236 et
786 3167 989 3249 Jacobitae,
1015 3167 1074 3256 qui
1101 3187 1210 3246 exem-

93 3279 193 3368 plum
223 3279 390 3366 majorum
414 3297 553 3346 suorum
582 3299 642 3366 per
669 3276 864 3364 ingressum
888 3275 924 3340 in
953 3271 1129 3340 Ecclesiae
1156 3293 1210 3338 ca-

94 3386 254 3454 tholicae·
275 3387 370 3455 ovile
394 3386 529 3453 imitari
555 3384 668 3452 adhuc
685 3383 850 3464 renuunt,
865 3402 932 3446 non
949 3383 1079 3466 negant
1094 3399 1210 3466 praee·

94 3493 296 3564 mirandam
322 3498 358 3561 et
376 3493 567 3582 privilegia
582 3491 810 3558 Patriarcbae
831 3488 989 3566 Romani,
1010 3507 1070 3552 seu
1093 3485 1212 3574 Papae
1267 3490 1268 3494 ’

94 3605 222 3670 Βοωαε
244 3607 285 3668 ut
303 3623 379 3668 eum
397 3606 535 3684 vocant,
550 3600 652 3665 immo
665 3597 771 3685 hujus
788 3593 887 3662 Sedis
902 3590 1124 3682 Apostolioae
1136 3591 1210 3658 lau-

93 3707 289 3796 desplanis
312 3709 430 3775 oribus
460 3707 648 3775 celebrant.
674 3704 740 3770 Sed
765 3725 842 3769 curn
872 3699 1035 3790 cupidine
1061 3698 1211 3765 humana

92 3815 279 3906 illaqueati
296 3837 336 3882 ac
353 3813 524 3904 captivati
548 3812 630 3894 sint,
651 3811 745 3878 haud
761 3809 884 3875 mirum
910 3813 974 3892 est,
995 3809 1024 3874 si
1044 3807 1137 3874 facto
1150 3829 1211 3874 suo

95 3921 164 3990 sibi
188 3921 474 4004 contradicentes,
494 3918 630 3985 malunt
656 3939 733 3984 cum
760 3913 872 4004 porcis
899 3913 1045 4004 siliquas
1058 3934 1209 4000 pascere,

94 4053 200 4124 quam
225 4031 269 4096 ad
297 4029 409 4096 sinum
433 4027 638 4094 tenerrimae
664 4025 786 4092 matris
808 4022 962 4106 reverti,
984 4021 1211 4109 amissamque

94 4137 304 4207 hereditatis
330 4140 463 4224 partem
492 4155 675 4212 resumere.
