3006 4672
480 175 523 220 nx
539 175 626 224 mss.
647 173 779 226 nmoao.
1171 151 1193 231 'l

63 283 158 350 enim
190 289 390 353 sanctorum
414 288 663 377 Apostolorum
695 294 733 360 in
763 294 912 368 secundo
942 300 1111 364 nocturno
1142 296 1192 385 (1)

64 389 214 458 dicitur:
235 393 433 462 «Precibus
458 398 585 486 capitis
607 399 880 488 Discipulorum,
896 402 956 493 qui
974 403 1090 472 claves
1105 404 1193 472 coeli
1226 410 1277 486 K

64 524 82 559 n
102 500 253 589 accepit,
272 508 308 570 et
328 526 432 592 super
455 529 555 595 quem
580 507 765 576 aedificata
787 517 841 577 est
863 511 1033 596 Ecclesia,
1056 510 1191 579 benedi-

64 632 80 666 η
102 613 233 676 cantur
256 632 389 678 menses
413 611 606 698 duodecim,
623 641 639 676 a
659 621 726 683 eto.
740 616 789 683 Et
807 618 843 684 in
861 619 1017 707 vesperis
1040 619 1192 686 eiusdem

64 713 173 782 officii
197 716 260 803 (2);
284 717 362 784 uIn
385 723 705 791 commemoratione
729 725 843 791 sancti
867 724 1018 793 Simonis
1044 726 1192 815 apostoli
1222 721 1263 789 n

65 847 81 880 n
101 821 288 890 laetantur
304 824 392 892 coeli
407 831 443 894 et
466 827 581 892 omnia
596 849 683 917 quae
700 829 737 894 in
754 830 804 896 eis
821 837 915 916 sunt;
934 831 1092 899 Ecclesia
1109 854 1191 922 quo·

64 953 81 986 n
103 950 172 1016 que
188 949 276 1017 quae
292 929 330 995 in
353 935 450 998 terra
465 937 519 999 est
535 955 718 1024 omnesque
735 935 803 1002 filii
818 935 906 1022 ejus,
922 937 1043 1006 laudes
1060 944 1191 1006 canunt

64 1059 80 1094 n
100 1033 161 1100 illi
186 1035 247 1124 qui
270 1059 346 1102 eum
369 1036 479 1125 elegit
496 1037 748 1129 constituitque
765 1041 1029 1109 fundamentum
1045 1043 1082 1109 in
1099 1042 1187 1132 ipsa,

65 1142 155 1210 nita
173 1150 297 1210 utnon
323 1149 578 1213 commoveatur
599 1168 620 1212 a
643 1147 812 1215 fluctibus
828 1155 863 1214 et
885 1150 1048 1237 procellis
1071 1150 1190 1218 haere-

65 1273 197 1316 nseon.
219 1277 235 1313 a
261 1251 304 1318 In
327 1252 477 1320 secundo
499 1259 618 1321 autem
634 1260 804 1321 nocturno
821 1255 871 1342 (3)
888 1255 1033 1324 dicitur:
1055 1284 1070 1320 a
1088 1257 1191 1325 Dixit
1223 1269 1277 1338 Μ

64 1383 80 1420 n
99 1357 237 1425 Simoni
251 1357 421 1426 Dominus
436 1360 523 1427 eius:
538 1361 598 1434 ¹Tu
610 1384 648 1429 es
663 1367 764 1450 petra
776 1363 967 1448 firmitatis,
982 1371 1019 1431 et
1034 1387 1138 1454 super
1154 1369 1189 1433 te

65 1487 331 1554 nsnperponam
345 1465 539 1534 Ecclesiam
563 1474 730 1538 sanctam.
758 1468 883 1538 Claves
899 1471 986 1538 coeli
1012 1480 1049 1539 et
1075 1476 1190 1542 terrae

65 1599 79 1632 a
96 1573 262 1641 manibus
274 1573 348 1642 tuis
359 1574 473 1659 trado,
483 1579 524 1642 ut
535 1576 723 1644 secundum
736 1600 846 1644 meum
864 1579 1033 1667 placitum
1049 1580 1140 1667 liges
1156 1589 1193 1650 et

66 1709 80 1743 n
97 1682 232 1750 solvas.
247 1680 459 1770 Odisoipnle
473 1707 567 1768 vere,
582 1685 649 1751 tibi
667 1685 771 1752 datus
788 1691 843 1753 est
858 1709 944 1774 grex
961 1687 1022 1777 qui
1039 1689 1191 1776 pretioso

66 1791 275 1879 »sanguine
298 1813 371 1857 meo
395 1790 593 1878 redemptus
617 1798 682 1878 est,
710 1793 759 1859 sis
783 1792 840 1858 illi
863 1799 982 1881 pastor
1007 1816 1112 1862 verus
1127 1845 1135 1878 ,
1153 1802 1191 1862 et

66 1921 204 1967 »serva
227 1920 304 1965 oum
321 1919 341 1962 a
355 1897 468 1964 noxis.
486 1923 502 1958 n
520 1898 652 1965 Deinde
668 1899 705 1964 in
721 1899 807 1964 hora
821 1899 866 1965 Ι.ΙΙ
879 1900 928 1986 (4)
953 1900 1004 1967 sic
1030 1900 1189 1968 Ecclesia

65 2007 129 2073 sibi
146 2005 366 2093 gratulatur:
384 2003 524 2092 «Super
539 2004 638 2070 illam
653 2007 792 2072 Petram
810 2006 965 2073 familiae
976 2005 1075 2073 Petri
1092 2006 1186 2094 prin·
1216 2015 1258 2083 Ν

67 2141 81 2174 n
99 2113 189 2202 cipis
214 2113 474 2202 Discipulorum
499 2112 683 2196 aedificata
700 2135 775 2180 sum
792 2117 828 2179 et
842 2135 910 2180 non
925 2112 1041 2197 timeo,
1060 2111 1187 2180 cecinit

67 2247 81 2280 n
99 2220 261 2288 Ecclesia
277 2220 406 2288 dicens.
426 2219 613 2308 Propterea
629 2241 726 2288 serae
742 2226 778 2288 et
794 2225 911 2289 vectes
934 2201 1046 2288 Inferi
1071 2220 1108 2286 in
1131 2242 1184 2287 ae-

66 2333 239 2395 rternum
262 2325 448 2396 adversum
475 2349 527 2393 me
551 2349 619 2394 non
642 2327 905 2414 praevalebunt.
933 2353 949 2389 n
975 2326 1131 2416 Denique
1147 2326 1184 2393 in

66 2435 180 2502 eadem
203 2434 291 2500 hora
313 2433 358 2516 I.¹¹
371 2434 421 2519 (5)
454 2433 597 2501 dicitur:
629 2435 778 2501 «Simon
803 2440 909 2522 caput
922 2434 1181 2522 Apostolorum,
1213 2432 1255 2503 θ

66 2542 375 2624 »fundamentum
402 2545 529 2624 rector,
556 2545 676 2628 pastor
699 2547 734 2608 et
761 2543 975 2629 gubernator
991 2541 1181 2624 Ecclesiae,

66 2676 80 2709 n
102 2651 154 2717 cui
169 2649 340 2716 Dominus
363 2648 442 2735 ejus
466 2651 620 2715 testatus
644 2655 698 2716 est
722 2649 852 2717 dicens:
870 2650 924 2717 Tu
948 2671 984 2717 es
1007 2650 1124 2734 Petra,
1150 2657 1185 2718 et

66 2779 202 2846 „super
226 2756 316 2824 hanc
331 2757 472 2824 Petram
489 2755 678 2824 aedificabo
703 2757 897 2824 Ecclesiam
924 2779 1044 2824 meam.
1073 2756 1185 2847 Eique

66 2890 81 2926 a
103 2865 192 2932 dixit
208 2865 391 2931 Dominus:
416 2866 522 2932 Pasce
547 2863 704 2934 oviculas
720 2867 841 2953 gregis
864 2865 942 2949 mei,
956 2887 1058 2953 pasce
1076 2887 1185 2954 agnos

66 2997 80 3032 a
101 2993 200 3055 meos,
215 2991 316 3059 pasce
333 2991 415 3039 oves
431 2991 536 3056 meas,
554 2991 655 3058 pasce
672 2993 729 3036 eos
745 2971 782 3036 in
798 2972 913 3058 pratis
930 2971 1024 3039 fidei.
1041 2998 1057 3034 n

126 3077 313 3146 Praeclara
337 3098 471 3166 quoque
494 3075 668 3144 habentur
687 3077 781 3164 apud
803 3079 937 3146 cosdem
961 3077 1071 3167 Syros
1087 3077 1182 3146 dicta

65 3185 104 3252 de
117 3185 213 3254 Petri
229 3183 369 3252 dotibus
385 3185 423 3251 in
441 3183 550 3270 officio
564 3183 689 3250 Eoriae
704 3183 795 3251 VI.³e
810 3185 917 3266 Acri,
939 3206 1026 3274 quae
1042 3189 1095 3252 est
1109 3183 1180 3272 pri-

66 3314 117 3358 ma
127 3297 205 3383 post
219 3293 467 3360 Pentecostem.
487 3291 528 3357 In
548 3291 705 3380 vesperis
721 3291 811 3358 enim
836 3292 885 3378 (6)
909 3290 1054 3358 dicitur:
1076 3290 1180 3357 uMa·
1212 3307 1257 3374 Ρ

67 3426 81 3460 n
98 3401 187 3467 xima
200 3399 380 3467 beatitudo
393 3399 477 3467 data
492 3404 546 3465 est
561 3420 582 3464 a
595 3397 779 3466 Salvatore
792 3403 911 3464 nostro
921 3398 1023 3464 Petro
1032 3396 1181 3485 Aposto-

67 3532 82 3566 π
99 3508 206 3600 lorum
219 3507 384 3597 principi,
401 3529 502 3598 quem
514 3507 777 3574 fundamentum
790 3503 969 3574 Ecclesiae
981 3503 1178 3591 constituit,

129 3724 168 3796 (1)
190 3725 258 3778 cod.
273 3726 376 3778 LXIV.
393 3741 456 3791 pag.
476 3725 537 3775 142.

130 3812 169 3887 (l)
188 3816 299 3868 Ibidem
319 3831 385 3881 pag.
401 3815 463 3866 133.

131 3901 169 3975 (3)
188 3904 299 3958 Ibidem
318 3919 382 3970 pag.
402 3903 463 3954 141.

131 3989 169 4065 (4)
189 3994 300 4046 Ibidem
319 4009 385 4060 pag.
402 3993 463 4044 150.

129 4080 167 4153 (5)
186 4083 296 4136 Ibidem
316 4099 380 4150 pag.
397 4082 458 4134 151.

131 4169 169 4241 (6)
189 4172 255 4225 (lod.
273 4173 375 4226 LXIV.
397 4187 462 4238 pag.
478 4171 539 4221 110.
