3006 4672
316 155 337 221 2
717 178 758 220 nn
782 179 876 223 earu.
896 179 924 222 s.
939 179 1037 222 sarar

315 289 422 357 alesia
443 288 508 356 illa
531 289 724 374 orientalis,
739 296 776 357 et
798 291 943 378 majora,
958 291 989 359 si
1012 291 1065 359 ita
1088 289 1186 382 loqui
1203 293 1259 360 ias
1282 292 1342 378 sit,
1355 292 1433 382 jura

315 397 506 465 diceremus
522 419 580 465 eas
606 395 709 465 Petro
732 399 901 482 tribuere,
917 421 1020 489 quam
1045 421 1132 490 qnae
1148 400 1186 468 in
1207 400 1433 469 monumentis

314 504 492 573 Ecclesiae
509 505 656 573 Latinae
673 513 873 574 occurrunt.

381 612 438 679 Ad
462 611 643 681 vitandam
666 635 750 682 vero
772 613 1072 701 perturbationem
1099 615 1136 682 in
1162 617 1353 684 afferendis
1378 616 1434 682 hu·

313 718 465 805 jusmodi
480 719 703 802 testimoniis,
719 720 755 786 in
780 720 868 792 duas
886 744 927 788 ea
943 722 1141 790 dividemus
1157 725 1277 807 series,
1292 725 1434 792 alteram

252 885 255 891 ,
316 849 357 892 ex
381 824 483 891 libris
505 825 685 914 liturgicis
712 826 955 916 desumptam,
981 829 1130 898 alteram
1162 854 1204 898 ex
1234 833 1434 900 auctoribus

257 941 260 948 '
317 932 491 1000 canonicis
508 932 565 1000 vel
588 931 807 1020 theologicis.
823 935 891 1002 Sed
914 941 995 1004 ante
1012 938 1128 1004 omnia
1144 961 1267 1026 operae
1286 940 1434 1028 pretium

316 1061 390 1107 esse
413 1039 662 1125 existimamus,
688 1042 765 1130 ipsa
788 1044 993 1132 evangelica
1016 1045 1093 1114 loca
1116 1045 1284 1134 insignia,
1312 1048 1435 1138 quibus

317 1147 501 1236 praecipue
517 1148 676 1216 doctrina
698 1149 740 1216 de
763 1149 804 1216 B.
820 1149 917 1218 Petri
940 1150 1085 1242 ejusque
1108 1176 1347 1222 successorum
1369 1155 1435 1243 pri-

317 1261 413 1321 matu
441 1254 701 1342 jurisdictionis
731 1261 768 1323 et
799 1258 997 1345 magisterii
1028 1259 1223 1345 innititur,
1250 1261 1432 1345 exhibere,

317 1368 422 1452 prout
437 1383 477 1427 ea
494 1361 768 1450 Syroohaldaioa
783 1364 943 1434 Ecclesia
958 1367 1061 1456 legit.

833 1608 865 1681 5.
885 1599 917 1667 1.

318 1798 369 1864 Dc
385 1799 590 1887 coanpelicia
613 1796 790 1863 secuudum
813 1799 988 1864 lectionem
1012 1798 1342 1887 Syrocbaldacorum
1357 1801 1435 1865 loeis

453 1905 663 1994 praecipuis,
679 1905 802 1993 quibus
820 1907 997 1992 primatus
1020 1908 1121 1974 Petri
1145 1908 1296 1996 apostoli

752 2010 1013 2080 demonstratur.

386 2229 471 2297 Cum
487 2227 636 2318 primum
652 2233 687 2298 et
703 2229 926 2317 praecipuum
951 2229 1092 2298 divinae
1115 2229 1345 2304 revelationis
1361 2230 1435 2296 fun-

319 2339 516 2405 damentum
541 2335 589 2402 sit
605 2334 711 2403 Sacra
736 2336 932 2424 Scriptura,
948 2358 1016 2402 non
1039 2337 1100 2403 abs
1122 2359 1161 2404 re
1184 2343 1266 2402 esse'
1281 2335 1437 2404 ducimus

319 2444 509 2514 celebriora
531 2444 609 2512 loca
632 2465 719 2532 quae
750 2443 858 2532 vulgo
888 2442 932 2509 ad
964 2443 1006 2510 Β.
1032 2443 1129 2510 Petri
1160 2443 1351 2532 primatum
1382 2441 1437 2507 ad·

320 2552 523 2620 struendum
547 2551 770 2618 adducuntur
794 2550 978 2634 exhibere,
1003 2550 1108 2638 juxta
1130 2551 1314 2620 lectionem
1335 2549 1437 2640 Syro·

319 2659 576 2728 chaldaeorum.
1068 2679 1069 2683 ¹

384 2766 547 2834 Eruditis
570 2770 690 2833 notum
717 2772 781 2850 est,
798 2767 1075 2855 Syrochaldaeos
1102 2789 1217 2834 omnes
1245 2767 1437 2854 cujuscum-

320 2898 385 2966 que
407 2873 546 2942 tandem
571 2874 706 2940 fuerint
722 2874 982 2958 communionis,
997 2897 1065 2942 non
1081 2875 1236 2962 exceptis
1251 2873 1339 2962 ipsis
1355 2872 1436 2940 Mel-

320 2979 439 3061 chitis,
459 2979 501 3044 ab
519 2978 782 3046 immemorabili
802 2980 1029 3070 antiquitate,
1049 2981 1086 3046 in
1102 2981 1224 3046 usibus
1239 2985 1315 3046 tum
1327 2977 1438 3066 publi·

320 3089 370 3158 cis
393 3091 467 3154 tum
483 3084 647 3174 privatis,
667 3108 768 3152 unam
785 3087 994 3176 eandemque
1011 3085 1212 3154 adhibuisse
1232 3107 1366 3174 semper
1385 3084 1439 3151 Sa-

319 3217 397 3264 crae
422 3191 626 3281 Scripturae
650 3192 855 3277 versionem,
878 3193 987 3281 vulgo
1018 3195 1177 3260 Pectine
1208 3214 1291 3261 voce
1317 3190 1439 3258 nativa

318 3305 555 3389 nuncupatam
570 3298 632 3387 (1).
652 3299 706 3365 En
723 3299 837 3388 igitur
853 3300 925 3366 tria
941 3300 1131 3388 Evangelii
1148 3299 1338 3368 celebriora
1354 3297 1437 3378 loca,

320 3411 364 3478 ad
387 3409 484 3476 Petri
508 3408 695 3497 primatum
713 3407 919 3495 spectantia,
936 3407 1040 3495 juxta
1056 3407 1145 3474 hanc
1166 3406 1375 3474 versionem:

387 3515 419 3582 1.
437 3516 552 3582 Locus
575 3513 747 3581 Matthaei
769 3512 868 3582 XVI.
885 3514 939 3582 18.
956 3513 1011 3581 19.
1027 3515 1079 3581 ita
1102 3512 1367 3601 syrochaldaice
1392 3537 1438 3580 so·

242 3634 286 3706 A
319 3628 393 3690 nat:
417 3651 432 3686 α
450 3620 644 3709 Respondit
659 3621 683 3686 J
685 3643 776 3704 esus,
792 3627 828 3688 et
847 3621 940 3690 dixit
955 3621 1024 3688 illi:
1043 3622 1173 3688 Beatus
1190 3643 1237 3704 es,
1254 3618 1374 3688 Simon
1390 3621 1438 3686 fili

321 3757 336 3793 n
355 3729 379 3797 J
381 3750 477 3812 onae,
495 3727 578 3818 quia
591 3749 671 3795 caro
688 3735 722 3795 et
739 3729 884 3817 sanguis
900 3753 966 3796 non
983 3727 1160 3798 revelavit
1170 3727 1249 3809 tibi,
1264 3726 1324 3795 sed
1337 3727 1439 3795 Pater

390 3907 431 3986 (1)
451 3909 660 3963 Posterioribus
681 3913 786 3964 seculis
809 3912 874 3976 syri
894 3911 1039 3964 Jacobitae
1062 3912 1154 3962 altera
1173 3910 1247 3962 Novi
1266 3909 1440 3963 Testamenti

320 4003 459 4067 versione,
483 3999 561 4053 dicta
579 4001 772 4068 Heracleensi‚
788 4001 818 4051 in
839 4001 952 4066 publico
971 4001 1047 4052 cultu
1067 3999 1110 4050 uti
1130 4000 1300 4064 coeperunt,
1324 4016 1383 4053 non
1401 4002 1438 4052 in·

319 4093 449 4145 termisso
470 4091 553 4143 simul
572 4107 623 4144 usu
643 4091 750 4157 prioris
770 4091 921 4158 versionis,
941 4089 1017 4142 idest
1036 4089 1195 4143 Peshittae.
1210 4087 1263 4144 sed
1277 4087 1311 4140 de
1325 4090 1374 4143 bis
1388 4106 1437 4142 non

319 4182 363 4233 est
380 4180 428 4232 hio
446 4181 523 4234 locus
542 4178 632 4232 fusius
652 4178 823 4232 disserendi.
