3006 4672
613 388 644 462 5.
662 381 704 448 V.

418 598 569 663 Summus
594 595 764 682 Pontifeoc
790 609 900 683 potest

92 705 265 790 urqcctia
288 706 427 791 nepotis
447 702 492 768 od
508 727 674 769 commune
685 703 863 770 Ecclesiae
887 704 1005 766 bonam
1028 707 1221 790 spectantia

318 814 391 899 ipse
413 812 504 876 solus
529 826 627 876 eastra
650 811 812 899 synodum
831 835 1008 899 perrupere.

166 1025 210 1092 Id
232 1026 434 1094 Nestoriani
457 1026 660 1094 concedunt.
693 1027 780 1094 Nam
811 1026 849 1091 in
881 1026 1012 1114 synodo
1035 1026 1221 1115 deshujabi

92 1156 218 1200 eorum
240 1133 461 1222 patriarchae
483 1155 573 1199 anno
597 1133 663 1200 588
690 1133 821 1216 habita,
850 1155 977 1202 canone
1002 1133 1045 1200 16
1067 1135 1119 1201 ita
1150 1140 1219 1202 stc-

93 1246 218 1308 tutum
254 1248 307 1308 est
338 1242 408 1328 (l):
443 1271 459 1304 u
484 1238 706 1309 Perturbatio
737 1241 890 1308 ordinem
919 1242 1100 1309 destruens
1132 1263 1219 1332 quae
1250 1243 1339 1352 22

96 1377 113 1409 n
134 1348 307 1416 hactenus
341 1349 453 1416 locum
488 1349 614 1416 habuit
645 1356 784 1438 propter
817 1349 1082 1438 despicientium
1113 1350 1218 1416 auda-

97 1483 113 1515 η
136 1456 249 1538 ciam,
276 1457 336 1546 qui
364 1463 643 1546 contempserunt
669 1464 704 1523 et
726 1457 975 1524 conculcarunt
997 1457 1219 1546 proscriptio-

99 1591 115 1624 η
135 1587 199 1630 nes
220 1563 276 1630 vel
297 1585 460 1631 censuras
483 1564 571 1653 ipsis
595 1565 788 1652 impositas,
816 1565 908 1632 idest
931 1587 1016 1656 quas
1039 1567 1220 1654 episcopus

98 1698 115 1728 n
135 1671 174 1736 in
193 1669 349 1753 clericos,
370 1671 427 1738 vel
451 1671 675 1757 metropolita
690 1694 767 1738 cum
790 1671 961 1760 episcopis
985 1673 1021 1737 in
1045 1673 1220 1761 episcopos

100 1804 117 1837 n
137 1776 393 1866 delinquentes,
421 1777 477 1845 vel
502 1777 648 1867 denique
670 1779 874 1864 patriarcha
897 1775 987 1843 solus
1011 1778 1217 1862 decreverit,

100 1911 117 1945 n
138 1883 177 1950 id
202 1890 369 1972 urgenter
392 1884 553 1972 exigente
570 1882 747 1950 Ecclesiae
764 1883 944 1970 regimine,
963 1884 1068 1950 verbo
1083 1883 1149 1950 Dei
1165 1885 1220 1952 de-

101 2019 117 2052 s
139 1991 316 2059 cernimus
340 1999 380 2058 ut
402 1991 515 2058 locum
538 1989 688 2078 amplius
704 2012 771 2056 non
788 1990 926 2056 habeat.
944 2017 959 2050 n
978 1989 1220 2080 Metropolitae

98 2105 136 2165 et
160 2097 383 2187 patriarchae
411 2096 516 2185 juxta
545 2117 691 2163 canones
715 2095 766 2162 nil
789 2096 907 2182 magni
931 2096 1093 2164 momenti
1117 2119 1221 2184 agere

99 2213 250 2295 possunt
272 2211 373 2272 extra
398 2205 581 2292 synodum.
607 2203 681 2270 Hoc
702 2203 762 2290 jus
785 2225 868 2290 ergo
893 2203 983 2294 quod
998 2201 1221 2271 Nestoriano-

99 2337 180 2380 rum
204 2311 427 2401 patriarchae
449 2309 634 2393 tribuitur,
652 2331 720 2376 non
737 2330 804 2400 que
818 2309 1040 2398 patriarchae
1057 2311 1222 2399 competit

99 2420 178 2503 illi,
206 2419 265 2486 sed
289 2424 461 2509 quatenus
484 2419 706 2507 supponitur,
733 2417 800 2484 etsi
830 2417 931 2501 falso,
957 2440 1035 2484 eum
1058 2441 1133 2486 esse
1156 2417 1221 2484 Ec·

101 2527 229 2594 clasiae
253 2549 421 2594 summum
445 2531 631 2615 pastorem.

610 2769 644 2842 ἓ.
658 2759 723 2828 VI.

300 2959 452 3026 Summae
474 2958 651 3024 Ecclesiae
670 2958 827 3023 Antiates
844 2958 908 3044 jue
932 2957 1031 3022 hahet

105 3069 212 3133 libros
224 3090 324 3132 nouos
337 3063 573 3146 eccamiccadi,
583 3078 687 3154 utque
700 3064 799 3130 hocce
808 3062 944 3153 quidem
956 3059 1221 3142 commendandi,

258 3157 261 3164 ’
423 3173 530 3238 mulos
554 3187 664 3269 cutem
681 3168 901 3260 prohibendi.

171 3371 383 3461 Hujusmodi
407 3371 577 3438 maximae
600 3368 772 3437 utilitatis
793 3367 853 3455 jus
884 3365 996 3456 quoad
1024 3364 1222 3433 universam

105 3480 298 3550 Ecclesiam
321 3479 390 3569 ipsi
412 3477 614 3549 Nestoriani
628 3484 663 3544 et
678 3475 703 3543 J
704 3475 858 3544 acobitee
874 3473 984 3541 solius
1009 3471 1141 3540 Summi
1157 3471 1221 3540 Ec·

106 3590 231 3658 clasiae
255 3587 452 3656 Sacerdotis
476 3585 655 3676 proprium
678 3606 763 3665 esse,
778 3604 846 3648 non
870 3585 987 3648 autem
1003 3578 1221 3668 singulorum

107 3698 161 3767 vel
176 3696 281 3764 simul
297 3696 520 3764 collectorum
539 3694 787 3783 episcoporum,
806 3687 955 3756 confessi
972 3693 1066 3756 sunt.
1085 3687 1219 3778 Loqua-

106 3811 165 3872 tur
200 3827 263 3894 pro
296 3803 517 3872 Nestorianis
550 3799 790 3888 Ebedjeshous
822 3795 984 3864 Sobeusis
1016 3796 1053 3862 in
1081 3795 1217 3863 Nomoc.

110 3927 207 3980 tract.
228 3919 248 3978 9
264 3938 299 3978 u.
317 3919 339 3976 6
355 3911 418 3997 (2):
440 3908 618 4000 «Antiqua
642 3903 865 3988 consuetudo,
885 3903 947 3987 ait,
966 3904 1151 3970 tenebatur
1170 3900 1222 3967 vi·
1265 3821 1358 3998 St)

177 4073 218 4149 (1)
231 4077 299 4130 cod.
314 4077 434 4129 XXVII.
446 4093 512 4143 pag.
523 4075 586 4127 413.
670 4139 671 4143 Ἰ

178 4163 220 4238 (2)
234 4165 316 4234 Apud
335 4167 439 4220 Maium
459 4181 522 4232 pag.
535 4164 596 4216 329.
