<?xml version="1.0" encoding="UTF-8"?>
<!DOCTYPE html PUBLIC "-//W3C//DTD XHTML 1.0 Transitional//EN"
    "http://www.w3.org/TR/xhtml1/DTD/xhtml1-transitional.dtd">
<html xmlns="http://www.w3.org/1999/xhtml" xml:lang="en" lang="en">
 <head>
  <title>
</title>
<meta http-equiv="Content-Type" content="text/html;charset=utf-8" />
  <meta name='ocr-system' content='tesseract 3.04.00' />
  <meta name='ocr-capabilities' content='ocr_page ocr_carea ocr_par ocr_line ocrx_word'/>
</head>
<body>
  <div class='ocr_page' id='page_1' title='image "./antiquaecclesis00davigoog_0132.png"; bbox 0 0 3018 4672; ppageno 0'>
   <div class='ocr_carea' id='block_1_1' title="bbox 565 183 767 228">
    <p class='ocr_par' dir='ltr' id='par_1_1' title="bbox 565 183 767 228">
     <span class='ocr_line' id='line_1_1' title="bbox 565 183 767 228; baseline 0.005 -2"><span class='ocrx_word' id='word_1_1' title='bbox 565 183 726 226; x_wconf 68' lang='lat' dir='ltr'><strong>arrarum</strong></span> <span class='ocrx_word' id='word_1_2' title='bbox 743 185 767 228; x_wconf 92' lang='lat'><strong>1.</strong></span> 
     </span>
    </p>
   </div>
   <div class='ocr_carea' id='block_1_2' title="bbox 100 294 1258 1246">
    <p class='ocr_par' dir='ltr' id='par_1_2' title="bbox 100 294 1258 1246">
     <span class='ocr_line' id='line_1_2' title="bbox 172 294 1230 387; baseline -0.004 -23"><span class='ocrx_word' id='word_1_3' title='bbox 172 295 223 364; x_wconf 90' lang='lat' dir='ltr'><strong>Ut</strong></span> <span class='ocrx_word' id='word_1_4' title='bbox 239 316 322 364; x_wconf 90' lang='lat' dir='ltr'><strong>vero</strong></span> <span class='ocrx_word' id='word_1_5' title='bbox 338 294 453 362; x_wconf 91' lang='lat' dir='ltr'><strong>omnia</strong></span> <span class='ocrx_word' id='word_1_6' title='bbox 468 317 556 387; x_wconf 90' lang='lat' dir='ltr'><strong>quae</strong></span> <span class='ocrx_word' id='word_1_7' title='bbox 572 295 742 364; x_wconf 91' lang='lat' dir='ltr'><strong>hactenus</strong></span> <span class='ocrx_word' id='word_1_8' title='bbox 758 296 800 364; x_wconf 89' lang='lat' dir='ltr'><strong>de</strong></span> <span class='ocrx_word' id='word_1_9' title='bbox 812 294 1111 386; x_wconf 87' lang='lat' dir='ltr'><strong>patriarchatibus</strong></span> <span class='ocrx_word' id='word_1_10' title='bbox 1122 315 1230 384; x_wconf 92' lang='lat' dir='ltr'><strong>popu-</strong></span> 
     </span>
     <span class='ocr_line' id='line_1_3' title="bbox 101 401 1229 492; baseline -0.002 -22"><span class='ocrx_word' id='word_1_11' title='bbox 101 405 218 472; x_wconf 89' lang='lat' dir='ltr'><strong>lorum</strong></span> <span class='ocrx_word' id='word_1_12' title='bbox 235 401 587 491; x_wconf 84' lang='lat' dir='ltr'><strong>Syrochaldaicorum</strong></span> <span class='ocrx_word' id='word_1_13' title='bbox 610 401 758 492; x_wconf 79' lang='lat' dir='ltr'><strong>sparsim</strong></span> <span class='ocrx_word' id='word_1_14' title='bbox 781 401 1022 486; x_wconf 79' lang='lat' dir='ltr'><strong>disseruimus,</strong></span> <span class='ocrx_word' id='word_1_15' title='bbox 1041 402 1105 469; x_wconf 92' lang='lat' dir='ltr'><strong>sub</strong></span> <span class='ocrx_word' id='word_1_16' title='bbox 1122 424 1229 469; x_wconf 89' lang='lat' dir='ltr'><strong>unum</strong></span> 
     </span>
     <span class='ocr_line' id='line_1_4' title="bbox 100 499 1258 602; baseline 0 -24"><span class='ocrx_word' id='word_1_17' title='bbox 100 510 306 599; x_wconf 80' lang='lat' dir='ltr'><strong>redigamus</strong></span> <span class='ocrx_word' id='word_1_18' title='bbox 330 509 421 578; x_wconf 89' lang='lat' dir='ltr'><strong>oculi</strong></span> <span class='ocrx_word' id='word_1_19' title='bbox 445 510 566 595; x_wconf 92' lang='lat' dir='ltr'><strong>ictum,</strong></span> <span class='ocrx_word' id='word_1_20' title='bbox 582 533 649 602; x_wconf 90' lang='lat' dir='ltr'><strong>quo</strong></span> <span class='ocrx_word' id='word_1_21' title='bbox 665 510 875 580; x_wconf 89' lang='lat' dir='ltr'><strong>eminentius</strong></span> <span class='ocrx_word' id='word_1_22' title='bbox 890 514 1010 601; x_wconf 89' lang='lat' dir='ltr'><strong>pateat</strong></span> <span class='ocrx_word' id='word_1_23' title='bbox 1027 501 1230 598; x_wconf 82' lang='lat' dir='ltr'><strong>argumenti</strong></span> <span class='ocrx_word' id='word_1_24' title='bbox 1254 499 1258 508; x_wconf 73' lang='grc'><strong>’</strong></span> 
     </span>
     <span class='ocr_line' id='line_1_5' title="bbox 100 617 1229 709; baseline 0.001 -23"><span class='ocrx_word' id='word_1_25' title='bbox 100 618 285 687; x_wconf 89' lang='lat' dir='ltr'><strong>evidentia</strong></span> <span class='ocrx_word' id='word_1_26' title='bbox 307 622 412 709; x_wconf 87' lang='lat' dir='ltr'><strong>atque</strong></span> <span class='ocrx_word' id='word_1_27' title='bbox 427 617 643 706; x_wconf 74' lang='lat' dir='ltr'><strong>magnitudo,</strong></span> <span class='ocrx_word' id='word_1_28' title='bbox 662 619 811 688; x_wconf 89' lang='lat' dir='ltr'><strong>dicimus</strong></span> <span class='ocrx_word' id='word_1_29' title='bbox 833 618 1020 688; x_wconf 88' lang='lat' dir='ltr'><strong>Pontifices</strong></span> <span class='ocrx_word' id='word_1_30' title='bbox 1037 618 1136 686; x_wconf 83' lang='lat' dir='ltr'><strong>Rom.</strong></span> <span class='ocrx_word' id='word_1_31' title='bbox 1154 617 1229 687; x_wconf 89' lang='lat' dir='ltr'><strong>sine</strong></span> 
     </span>
     <span class='ocr_line' id='line_1_6' title="bbox 101 723 1229 815; baseline -0.002 -23"><span class='ocrx_word' id='word_1_32' title='bbox 101 723 212 792; x_wconf 92' lang='lat' dir='ltr'><strong>dubio</strong></span> <span class='ocrx_word' id='word_1_33' title='bbox 231 724 269 790; x_wconf 91' lang='lat' dir='ltr'><strong>in</strong></span> <span class='ocrx_word' id='word_1_34' title='bbox 294 723 453 812; x_wconf 87' lang='lat' dir='ltr'><strong>singulos</strong></span> <span class='ocrx_word' id='word_1_35' title='bbox 475 723 739 812; x_wconf 84' lang='lat' dir='ltr'><strong>patriarchatus</strong></span> <span class='ocrx_word' id='word_1_36' title='bbox 762 725 960 810; x_wconf 76' lang='lat' dir='ltr'><strong>orientales,</strong></span> <span class='ocrx_word' id='word_1_37' title='bbox 980 745 1229 815; x_wconf 88' lang='lat' dir='ltr'><strong>quamcumque</strong></span> 
     </span>
     <span class='ocr_line' id='line_1_7' title="bbox 100 831 1228 924; baseline -0.001 -25"><span class='ocrx_word' id='word_1_38' title='bbox 100 832 245 899; x_wconf 89' lang='lat' dir='ltr'><strong>tandem</strong></span> <span class='ocrx_word' id='word_1_39' title='bbox 270 831 421 899; x_wconf 80' lang='lat' dir='ltr'><strong>habeant</strong></span> <span class='ocrx_word' id='word_1_40' title='bbox 447 831 635 920; x_wconf 84' lang='lat' dir='ltr'><strong>originem,</strong></span> <span class='ocrx_word' id='word_1_41' title='bbox 659 833 765 922; x_wconf 88' lang='lat' dir='ltr'><strong>juxta</strong></span> <span class='ocrx_word' id='word_1_42' title='bbox 788 834 865 924; x_wconf 87' lang='lat' dir='ltr'><strong>ipsa</strong></span> <span class='ocrx_word' id='word_1_43' title='bbox 888 831 1228 922; x_wconf 86' lang='lat' dir='ltr'><strong>Syrochaldseornm</strong></span> 
     </span>
     <span class='ocr_line' id='line_1_8' title="bbox 101 938 1227 1032; baseline -0.001 -25"><span class='ocrx_word' id='word_1_44' title='bbox 101 946 203 1007; x_wconf 91' lang='lat' dir='ltr'><strong>certa</strong></span> <span class='ocrx_word' id='word_1_45' title='bbox 226 940 411 1029; x_wconf 92' lang='lat' dir='ltr'><strong>principia,</strong></span> <span class='ocrx_word' id='word_1_46' title='bbox 431 961 519 1030; x_wconf 86' lang='lat' dir='ltr'><strong>quae</strong></span> <span class='ocrx_word' id='word_1_47' title='bbox 536 940 611 1008; x_wconf 88' lang='lat' dir='ltr'><strong>suis</strong></span> <span class='ocrx_word' id='word_1_48' title='bbox 634 941 720 1010; x_wconf 89' lang='lat' dir='ltr'><strong>locis</strong></span> <span class='ocrx_word' id='word_1_49' title='bbox 743 942 1001 1032; x_wconf 88' lang='lat' dir='ltr'><strong>perpendimus,</strong></span> <span class='ocrx_word' id='word_1_50' title='bbox 1015 941 1132 1008; x_wconf 90' lang='lat' dir='ltr'><strong>eadem</strong></span> <span class='ocrx_word' id='word_1_51' title='bbox 1156 938 1227 1028; x_wconf 90' lang='lat' dir='ltr'><strong>pol-</strong></span> 
     </span>
     <span class='ocr_line' id='line_1_9' title="bbox 100 1046 1227 1139; baseline 0 -26"><span class='ocrx_word' id='word_1_52' title='bbox 100 1046 174 1114; x_wconf 88' lang='lat' dir='ltr'><strong>lere</strong></span> <span class='ocrx_word' id='word_1_53' title='bbox 200 1047 412 1115; x_wconf 87' lang='lat' dir='ltr'><strong>auctoritate</strong></span> <span class='ocrx_word' id='word_1_54' title='bbox 435 1069 475 1115; x_wconf 90' lang='lat' dir='ltr'><strong>ac</strong></span> <span class='ocrx_word' id='word_1_55' title='bbox 499 1047 536 1114; x_wconf 90' lang='lat' dir='ltr'><strong>in</strong></span> <span class='ocrx_word' id='word_1_56' title='bbox 564 1053 695 1117; x_wconf 88' lang='lat' dir='ltr'><strong>ceteros</strong></span> <span class='ocrx_word' id='word_1_57' title='bbox 726 1050 829 1118; x_wconf 89' lang='lat' dir='ltr'><strong>Orbis</strong></span> <span class='ocrx_word' id='word_1_58' title='bbox 859 1049 1090 1139; x_wconf 79' lang='lat' dir='ltr'><strong>episcopatus.</strong></span> <span class='ocrx_word' id='word_1_59' title='bbox 1120 1047 1227 1115; x_wconf 90' lang='lat' dir='ltr'><strong>Num·</strong></span> 
     </span>
     <span class='ocr_line' id='line_1_10' title="bbox 101 1153 1229 1246; baseline 0 -24"><span class='ocrx_word' id='word_1_60' title='bbox 101 1155 188 1246; x_wconf 92' lang='lat' dir='ltr'><strong>quid</strong></span> <span class='ocrx_word' id='word_1_61' title='bbox 214 1154 305 1224; x_wconf 87' lang='lat' dir='ltr'><strong>enim</strong></span> <span class='ocrx_word' id='word_1_62' title='bbox 329 1178 407 1224; x_wconf 89' lang='lat' dir='ltr'><strong>oum</strong></span> <span class='ocrx_word' id='word_1_63' title='bbox 430 1155 592 1224; x_wconf 83' lang='lat' dir='ltr'><strong>Christus</strong></span> <span class='ocrx_word' id='word_1_64' title='bbox 615 1178 726 1246; x_wconf 87' lang='lat' dir='ltr'><strong>agnos</strong></span> <span class='ocrx_word' id='word_1_65' title='bbox 750 1165 786 1226; x_wconf 91' lang='lat' dir='ltr'><strong>et</strong></span> <span class='ocrx_word' id='word_1_66' title='bbox 813 1180 894 1228; x_wconf 87' lang='lat' dir='ltr'><strong>oves</strong></span> <span class='ocrx_word' id='word_1_67' title='bbox 924 1157 1028 1226; x_wconf 89' lang='lat' dir='ltr'><strong>Petro</strong></span> <span class='ocrx_word' id='word_1_68' title='bbox 1057 1153 1229 1223; x_wconf 88' lang='lat' dir='ltr'><strong>commisit</strong></span> 
     </span>
    </p>
   </div>
   <div class='ocr_carea' id='block_1_3' title="bbox 101 1367 1228 1574">
    <p class='ocr_par' dir='ltr' id='par_1_3' title="bbox 101 1367 1228 1574">
     <span class='ocr_line' id='line_1_11' title="bbox 101 1367 1228 1453; baseline -0.005 -12"><span class='ocrx_word' id='word_1_69' title='bbox 101 1387 186 1453; x_wconf 88' lang='lat' dir='ltr'><strong>teris,</strong></span> <span class='ocrx_word' id='word_1_70' title='bbox 203 1401 303 1439; x_wconf 89' lang='lat' dir='ltr'><strong>nomen</strong></span> <span class='ocrx_word' id='word_1_71' title='bbox 322 1394 523 1434; x_wconf 63' lang='lat' dir='ltr'><strong>mmm</strong></span> <span class='ocrx_word' id='word_1_72' title='bbox 541 1385 680 1438; x_wconf 78' lang='lat' dir='ltr'><strong>Maaimas</strong></span> <span class='ocrx_word' id='word_1_73' title='bbox 707 1385 739 1438; x_wconf 92' lang='lat' dir='ltr'><strong>in</strong></span> <span class='ocrx_word' id='word_1_74' title='bbox 767 1367 915 1440; x_wconf 62' lang='lat' dir='ltr'><strong>emmim!</strong></span> <span class='ocrx_word' id='word_1_75' title='bbox 934 1383 1083 1438; x_wconf 79' lang='lat' dir='ltr'><strong>Aatbimue</strong></span> <span class='ocrx_word' id='word_1_76' title='bbox 1101 1381 1228 1450; x_wconf 89' lang='lat' dir='ltr'><strong>insipide</strong></span> 
     </span>
     <span class='ocr_line' id='line_1_12' title="bbox 101 1484 1228 1574; baseline -0.001 -32"><span class='ocrx_word' id='word_1_77' title='bbox 101 1491 239 1556; x_wconf 88' lang='lat' dir='ltr'><strong>mutavit,</strong></span> <span class='ocrx_word' id='word_1_78' title='bbox 256 1493 286 1543; x_wconf 85' lang='lat' dir='ltr'><strong>et</strong></span> <span class='ocrx_word' id='word_1_79' title='bbox 303 1484 358 1574; x_wconf 54' lang='lat' dir='ltr'><strong>&lt;a</strong></span> <span class='ocrx_word' id='word_1_80' title='bbox 377 1491 447 1542; x_wconf 80' lang='lat' dir='ltr'><strong>dues</strong></span> <span class='ocrx_word' id='word_1_81' title='bbox 466 1491 496 1542; x_wconf 89' lang='lat' dir='ltr'><strong>in</strong></span> <span class='ocrx_word' id='word_1_82' title='bbox 517 1515 558 1567; x_wconf 53' lang='grc' dir='ltr'><strong>,ω</strong></span> <span class='ocrx_word' id='word_1_83' title='bbox 578 1506 674 1555; x_wconf 67' lang='lat' dir='ltr'><strong>ararem</strong></span> <span class='ocrx_word' id='word_1_84' title='bbox 689 1492 767 1559; x_wconf 88' lang='lat' dir='ltr'><strong>cujus</strong></span> <span class='ocrx_word' id='word_1_85' title='bbox 786 1489 977 1558; x_wconf 76' lang='lat' dir='ltr'><strong>corruptionis</strong></span> <span class='ocrx_word' id='word_1_86' title='bbox 991 1488 1228 1543; x_wconf 81' lang='lat' dir='ltr'><strong>manifestissima</strong></span> 
     </span>
    </p>
   </div>
   <div class='ocr_carea' id='block_1_4' title="bbox 99 1592 1406 4259">
    <p class='ocr_par' dir='ltr' id='par_1_4' title="bbox 100 1592 1227 1755">
     <span class='ocr_line' id='line_1_13' title="bbox 101 1592 1227 1658; baseline -0.004 -11"><span class='ocrx_word' id='word_1_87' title='bbox 101 1593 196 1647; x_wconf 90' lang='lat' dir='ltr'><strong>adbuc</strong></span> <span class='ocrx_word' id='word_1_88' title='bbox 215 1596 317 1646; x_wconf 89' lang='lat' dir='ltr'><strong>extant</strong></span> <span class='ocrx_word' id='word_1_89' title='bbox 335 1593 366 1644; x_wconf 90' lang='lat' dir='ltr'><strong>in</strong></span> <span class='ocrx_word' id='word_1_90' title='bbox 385 1592 485 1647; x_wconf 82' lang='lat' dir='ltr'><strong>(lodice</strong></span> <span class='ocrx_word' id='word_1_91' title='bbox 508 1594 627 1648; x_wconf 87' lang='lat' dir='ltr'><strong>indicia.</strong></span> <span class='ocrx_word' id='word_1_92' title='bbox 641 1593 764 1648; x_wconf 81' lang='lat' dir='ltr'><strong>Arabica</strong></span> <span class='ocrx_word' id='word_1_93' title='bbox 792 1596 887 1646; x_wconf 89' lang='lat' dir='ltr'><strong>tamen</strong></span> <span class='ocrx_word' id='word_1_94' title='bbox 906 1593 1010 1658; x_wconf 88' lang='lat' dir='ltr'><strong>versio,</strong></span> <span class='ocrx_word' id='word_1_95' title='bbox 1026 1607 1096 1658; x_wconf 89' lang='lat' dir='ltr'><strong>qnae</strong></span> <span class='ocrx_word' id='word_1_96' title='bbox 1109 1608 1123 1643; x_wconf 91' lang='lat' dir='ltr'><strong>e</strong></span> <span class='ocrx_word' id='word_1_97' title='bbox 1136 1593 1227 1644; x_wconf 90' lang='lat' dir='ltr'><strong>latere</strong></span> 
     </span>
     <span class='ocr_line' id='line_1_14' title="bbox 100 1675 1227 1755; baseline -0.006 -17"><span class='ocrx_word' id='word_1_98' title='bbox 100 1685 217 1752; x_wconf 78' lang='lat' dir='ltr'><strong>Syriaci</strong></span> <span class='ocrx_word' id='word_1_99' title='bbox 230 1687 326 1738; x_wconf 87' lang='lat' dir='ltr'><strong>textus</strong></span> <span class='ocrx_word' id='word_1_100' title='bbox 339 1687 461 1755; x_wconf 81' lang='lat' dir='ltr'><strong>prostat,</strong></span> <span class='ocrx_word' id='word_1_101' title='bbox 478 1685 513 1738; x_wconf 91' lang='lat' dir='ltr'><strong>ab</strong></span> <span class='ocrx_word' id='word_1_102' title='bbox 526 1684 686 1752; x_wconf 87' lang='lat' dir='ltr'><strong>hujusmodi</strong></span> <span class='ocrx_word' id='word_1_103' title='bbox 700 1684 833 1738; x_wconf 90' lang='lat' dir='ltr'><strong>barbarie</strong></span> <span class='ocrx_word' id='word_1_104' title='bbox 854 1675 987 1736; x_wconf 83' lang='lat' dir='ltr'><strong>immunis</strong></span> <span class='ocrx_word' id='word_1_105' title='bbox 1007 1682 1110 1748; x_wconf 81' lang='lat' dir='ltr'><strong>evasit,</strong></span> <span class='ocrx_word' id='word_1_106' title='bbox 1132 1679 1227 1736; x_wconf 88' lang='lat' dir='ltr'><strong>nescio</strong></span> 
     </span>
    </p>

    <p class='ocr_par' dir='ltr' id='par_1_5' title="bbox 101 1755 1320 1946">
     <span class='ocr_line' id='line_1_15' title="bbox 101 1755 1320 1842; baseline -0.005 -15"><span class='ocrx_word' id='word_1_107' title='bbox 101 1792 159 1842; x_wconf 88' lang='lat' dir='ltr'><strong>qna</strong></span> <span class='ocrx_word' id='word_1_108' title='bbox 169 1790 263 1842; x_wconf 78' lang='lat' dir='ltr'><strong>causa,</strong></span> <span class='ocrx_word' id='word_1_109' title='bbox 275 1775 306 1827; x_wconf 92' lang='lat' dir='ltr'><strong>in</strong></span> <span class='ocrx_word' id='word_1_110' title='bbox 318 1791 351 1829; x_wconf 89' lang='lat' dir='ltr'><strong>ea</strong></span> <span class='ocrx_word' id='word_1_111' title='bbox 363 1773 439 1827; x_wconf 87' lang='lat' dir='ltr'><strong>enim</strong></span> <span class='ocrx_word' id='word_1_112' title='bbox 453 1774 544 1828; x_wconf 92' lang='lat' dir='ltr'><strong>adhuc</strong></span> <span class='ocrx_word' id='word_1_113' title='bbox 557 1774 665 1827; x_wconf 87' lang='lat' dir='ltr'><strong>diserte</strong></span> <span class='ocrx_word' id='word_1_114' title='bbox 678 1775 786 1839; x_wconf 76' lang='lat' dir='ltr'><strong>legitur</strong></span> <span class='ocrx_word' id='word_1_115' title='bbox 794 1777 936 1829; x_wconf 90' lang='lat' dir='ltr'><strong>Maronem</strong></span> <span class='ocrx_word' id='word_1_116' title='bbox 950 1792 963 1821; x_wconf 76' lang='lat' dir='ltr'><strong>a</strong></span> <span class='ocrx_word' id='word_1_117' title='bbox 975 1775 1059 1839; x_wconf 91' lang='lat' dir='ltr'><strong>plura</strong></span> <span class='ocrx_word' id='word_1_118' title='bbox 1072 1772 1227 1824; x_wconf 84' lang='lat' dir='ltr'><strong>cumulasse</strong></span> <span class='ocrx_word' id='word_1_119' title='bbox 1260 1755 1320 1840; x_wconf 58' lang='lat' dir='ltr'><strong>t„</strong></span> 
     </span>
     <span class='ocr_line' id='line_1_16' title="bbox 102 1861 1227 1946; baseline -0.002 -32"><span class='ocrx_word' id='word_1_120' title='bbox 102 1887 115 1914; x_wconf 71' lang='lat' dir='ltr'><em>n</em></span> <span class='ocrx_word' id='word_1_121' title='bbox 139 1869 305 1930; x_wconf 81' lang='lat' dir='ltr'><strong>argumenta</strong></span> <span class='ocrx_word' id='word_1_122' title='bbox 324 1864 360 1918; x_wconf 87' lang='lat' dir='ltr'><strong>ad</strong></span> <span class='ocrx_word' id='word_1_123' title='bbox 379 1865 568 1918; x_wconf 75' lang='lat' dir='ltr'><strong>refellendum</strong></span> <span class='ocrx_word' id='word_1_124' title='bbox 586 1863 686 1930; x_wconf 79' lang='lat' dir='ltr'><strong>dogma</strong></span> <span class='ocrx_word' id='word_1_125' title='bbox 698 1865 817 1917; x_wconf 78' lang='lat' dir='ltr'><strong>Maximi</strong></span> <span class='ocrx_word' id='word_1_126' title='bbox 829 1864 968 1946; x_wconf 46' lang='lat' dir='ltr'><strong>monachii</strong></span> <span class='ocrx_word' id='word_1_127' title='bbox 981 1863 1031 1930; x_wconf 88' lang='lat' dir='ltr'><strong>qui</strong></span> <span class='ocrx_word' id='word_1_128' title='bbox 1044 1861 1227 1927; x_wconf 85' lang='lat' dir='ltr'><strong>imperatoris</strong></span> 
     </span>
    </p>

    <p class='ocr_par' dir='ltr' id='par_1_6' title="bbox 100 1953 1229 2202">
     <span class='ocr_line' id='line_1_17' title="bbox 102 1953 1225 2025; baseline -0.01 -16"><span class='ocrx_word' id='word_1_129' title='bbox 102 1978 115 2003; x_wconf 78' lang='lat' dir='ltr'><em>n</em></span> <span class='ocrx_word' id='word_1_130' title='bbox 138 1955 279 2009; x_wconf 90' lang='lat' dir='ltr'><strong>Marciani</strong></span> <span class='ocrx_word' id='word_1_131' title='bbox 297 1953 362 2025; x_wconf 81' lang='lat' dir='ltr'><strong>(sic)</strong></span> <span class='ocrx_word' id='word_1_132' title='bbox 380 1957 410 2007; x_wconf 91' lang='lat' dir='ltr'><strong>et</strong></span> <span class='ocrx_word' id='word_1_133' title='bbox 428 1956 488 2024; x_wconf 90' lang='lat' dir='ltr'><strong>ejus</strong></span> <span class='ocrx_word' id='word_1_134' title='bbox 508 1955 610 2008; x_wconf 82' lang='lat' dir='ltr'><strong>fratris</strong></span> <span class='ocrx_word' id='word_1_135' title='bbox 639 1971 726 2022; x_wconf 89' lang='lat' dir='ltr'><strong>opera</strong></span> <span class='ocrx_word' id='word_1_136' title='bbox 754 1954 823 2006; x_wconf 91' lang='lat' dir='ltr'><strong>dnas</strong></span> <span class='ocrx_word' id='word_1_137' title='bbox 842 1953 995 2006; x_wconf 88' lang='lat' dir='ltr'><strong>affirmavit</strong></span> <span class='ocrx_word' id='word_1_138' title='bbox 1020 1953 1225 2004; x_wconf 75' lang='lat' dir='ltr'><strong>voluntates.»</strong></span> 
     </span>
     <span class='ocr_line' id='line_1_18' title="bbox 100 2038 1228 2112; baseline -0.005 -14"><span class='ocrx_word' id='word_1_139' title='bbox 100 2045 209 2098; x_wconf 88' lang='lat' dir='ltr'><strong>Eadem</strong></span> <span class='ocrx_word' id='word_1_140' title='bbox 222 2045 352 2112; x_wconf 89' lang='lat' dir='ltr'><strong>improba</strong></span> <span class='ocrx_word' id='word_1_141' title='bbox 364 2060 463 2098; x_wconf 90' lang='lat' dir='ltr'><strong>manns</strong></span> <span class='ocrx_word' id='word_1_142' title='bbox 477 2049 605 2098; x_wconf 90' lang='lat' dir='ltr'><strong>extrema</strong></span> <span class='ocrx_word' id='word_1_143' title='bbox 617 2045 723 2096; x_wconf 78' lang='lat' dir='ltr'><strong>Libetle‘</strong></span> <span class='ocrx_word' id='word_1_144' title='bbox 744 2045 816 2098; x_wconf 87' lang='lat' dir='ltr'><strong>iolia</strong></span> <span class='ocrx_word' id='word_1_145' title='bbox 832 2043 899 2096; x_wconf 91' lang='lat' dir='ltr'><strong>inde</strong></span> <span class='ocrx_word' id='word_1_146' title='bbox 922 2060 940 2094; x_wconf 86' lang='lat' dir='ltr'><strong>a</strong></span> <span class='ocrx_word' id='word_1_147' title='bbox 954 2044 1013 2110; x_wconf 85' lang='lat' dir='ltr'><strong>sol.</strong></span> <span class='ocrx_word' id='word_1_148' title='bbox 1030 2046 1091 2094; x_wconf 82' lang='lat'><strong><em>124.</em></strong></span> <span class='ocrx_word' id='word_1_149' title='bbox 1107 2038 1228 2092; x_wconf 89' lang='lat' dir='ltr'><strong>ecodice</strong></span> 
     </span>
     <span class='ocr_line' id='line_1_19' title="bbox 100 2131 1229 2202; baseline -0.004 -16"><span class='ocrx_word' id='word_1_150' title='bbox 100 2134 237 2202; x_wconf 85' lang='lat' dir='ltr'><strong>divulsit,</strong></span> <span class='ocrx_word' id='word_1_151' title='bbox 251 2149 321 2201; x_wconf 86' lang='lat' dir='ltr'><strong>quae</strong></span> <span class='ocrx_word' id='word_1_152' title='bbox 334 2135 521 2188; x_wconf 86' lang='lat' dir='ltr'><strong>continebant</strong></span> <span class='ocrx_word' id='word_1_153' title='bbox 533 2134 617 2186; x_wconf 88' lang='lat' dir='ltr'><strong>finem</strong></span> <span class='ocrx_word' id='word_1_154' title='bbox 631 2134 838 2202; x_wconf 86' lang='lat' dir='ltr'><strong>disputationis</strong></span> <span class='ocrx_word' id='word_1_155' title='bbox 852 2136 951 2186; x_wconf 88' lang='lat' dir='ltr'><strong>contra</strong></span> <span class='ocrx_word' id='word_1_156' title='bbox 964 2131 1162 2196; x_wconf 84' lang='lat' dir='ltr'><strong>Nestorianos,</strong></span> <span class='ocrx_word' id='word_1_157' title='bbox 1177 2144 1229 2182; x_wconf 92' lang='lat' dir='ltr'><strong>nec</strong></span> 
     </span>
    </p>

    <p class='ocr_par' dir='ltr' id='par_1_7' title="bbox 99 2217 1231 2468">
     <span class='ocr_line' id='line_1_20' title="bbox 101 2217 1229 2292; baseline -0.004 -16"><span class='ocrx_word' id='word_1_158' title='bbox 101 2241 160 2276; x_wconf 89' lang='lat' dir='ltr'><strong>non</strong></span> <span class='ocrx_word' id='word_1_159' title='bbox 180 2223 322 2288; x_wconf 81' lang='lat' dir='ltr'><strong>integram</strong></span> <span class='ocrx_word' id='word_1_160' title='bbox 341 2222 576 2292; x_wconf 83' lang='lat' dir='ltr'><strong>disceptationem</strong></span> <span class='ocrx_word' id='word_1_161' title='bbox 587 2229 685 2280; x_wconf 87' lang='lat' dir='ltr'><strong>contra</strong></span> <span class='ocrx_word' id='word_1_162' title='bbox 700 2241 827 2292; x_wconf 78' lang='lat' dir='ltr'><strong>sequaces</strong></span> <span class='ocrx_word' id='word_1_163' title='bbox 849 2217 1168 2277; x_wconf 65' lang='lat' dir='ltr'><strong>suamvoluntatem.</strong></span> <span class='ocrx_word' id='word_1_164' title='bbox 1183 2221 1229 2272; x_wconf 88' lang='lat' dir='ltr'><strong>In-</strong></span> 
     </span>
     <span class='ocr_line' id='line_1_21' title="bbox 99 2308 1231 2380; baseline -0.004 -16"><span class='ocrx_word' id='word_1_165' title='bbox 99 2312 189 2364; x_wconf 85' lang='lat' dir='ltr'><strong>terim</strong></span> <span class='ocrx_word' id='word_1_166' title='bbox 207 2310 413 2366; x_wconf 85' lang='lat' dir='ltr'><strong>observandum</strong></span> <span class='ocrx_word' id='word_1_167' title='bbox 432 2313 523 2380; x_wconf 88' lang='lat' dir='ltr'><strong>venit,</strong></span> <span class='ocrx_word' id='word_1_168' title='bbox 539 2314 570 2364; x_wconf 92' lang='lat' dir='ltr'><strong>in</strong></span> <span class='ocrx_word' id='word_1_169' title='bbox 591 2315 652 2366; x_wconf 92' lang='lat' dir='ltr'><strong>toto</strong></span> <span class='ocrx_word' id='word_1_170' title='bbox 670 2314 779 2366; x_wconf 82' lang='lat' dir='ltr'><strong>Libelli</strong></span> <span class='ocrx_word' id='word_1_171' title='bbox 804 2314 890 2367; x_wconf 87' lang='lat' dir='ltr'><strong>istius</strong></span> <span class='ocrx_word' id='word_1_172' title='bbox 909 2327 992 2365; x_wconf 88' lang='lat' dir='ltr'><strong>cursu</strong></span> <span class='ocrx_word' id='word_1_173' title='bbox 1010 2324 1152 2377; x_wconf 84' lang='lat' dir='ltr'><strong>nunquam</strong></span> <span class='ocrx_word' id='word_1_174' title='bbox 1170 2308 1231 2360; x_wconf 86' lang='lat' dir='ltr'><strong>alia</strong></span> 
     </span>
     <span class='ocr_line' id='line_1_22' title="bbox 100 2397 1019 2468; baseline -0.001 -16"><span class='ocrx_word' id='word_1_175' title='bbox 100 2401 245 2452; x_wconf 86' lang='lat' dir='ltr'><strong>nominari</strong></span> <span class='ocrx_word' id='word_1_176' title='bbox 266 2400 394 2453; x_wconf 81' lang='lat' dir='ltr'><strong>Ooncilia</strong></span> <span class='ocrx_word' id='word_1_177' title='bbox 412 2401 587 2454; x_wconf 87' lang='lat' dir='ltr'><strong>oecumenica</strong></span> <span class='ocrx_word' id='word_1_178' title='bbox 605 2404 721 2468; x_wconf 89' lang='lat' dir='ltr'><strong>praeter</strong></span> <span class='ocrx_word' id='word_1_179' title='bbox 739 2405 859 2468; x_wconf 88' lang='lat' dir='ltr'><strong>quatuor</strong></span> <span class='ocrx_word' id='word_1_180' title='bbox 879 2397 976 2468; x_wconf 86' lang='lat' dir='ltr'><strong>priora</strong></span> <span class='ocrx_word' id='word_1_181' title='bbox 989 2401 1019 2452; x_wconf 82' lang='lat' dir='ltr'><strong>u!</strong></span> 
     </span>
    </p>

    <p class='ocr_par' dir='ltr' id='par_1_8' title="bbox 100 2489 1406 3817">
     <span class='ocr_line' id='line_1_23' title="bbox 175 2489 1228 2559; baseline 0 -17"><span class='ocrx_word' id='word_1_182' title='bbox 175 2493 210 2542; x_wconf 89' lang='lat' dir='ltr'><strong>In</strong></span> <span class='ocrx_word' id='word_1_183' title='bbox 230 2493 323 2544; x_wconf 88' lang='lat' dir='ltr'><strong>altera</strong></span> <span class='ocrx_word' id='word_1_184' title='bbox 341 2490 466 2559; x_wconf 87' lang='lat' dir='ltr'><strong>ejusdem</strong></span> <span class='ocrx_word' id='word_1_185' title='bbox 484 2491 596 2544; x_wconf 77' lang='lat' dir='ltr'><strong>Codicis</strong></span> <span class='ocrx_word' id='word_1_186' title='bbox 610 2491 745 2545; x_wconf 88' lang='lat' dir='ltr'><strong>Vaticani</strong></span> <span class='ocrx_word' id='word_1_187' title='bbox 757 2495 849 2559; x_wconf 87' lang='lat' dir='ltr'><strong>parte,</strong></span> <span class='ocrx_word' id='word_1_188' title='bbox 866 2507 937 2559; x_wconf 88' lang='lat' dir='ltr'><strong>qnae</strong></span> <span class='ocrx_word' id='word_1_189' title='bbox 951 2489 1057 2557; x_wconf 89' lang='lat' dir='ltr'><strong>incipit</strong></span> <span class='ocrx_word' id='word_1_190' title='bbox 1076 2507 1093 2540; x_wconf 86' lang='lat' dir='ltr'><strong>a</strong></span> <span class='ocrx_word' id='word_1_191' title='bbox 1106 2489 1167 2556; x_wconf 85' lang='lat' dir='ltr'><strong>fol.</strong></span> <span class='ocrx_word' id='word_1_192' title='bbox 1178 2491 1228 2542; x_wconf 84' lang='lat'><strong>131</strong></span> 
     </span>
     <span class='ocr_line' id='line_1_24' title="bbox 100 2578 1226 2653; baseline -0.005 -18"><span class='ocrx_word' id='word_1_193' title='bbox 100 2581 217 2653; x_wconf 85' lang='lat' dir='ltr'><strong>(cuique</strong></span> <span class='ocrx_word' id='word_1_194' title='bbox 237 2581 359 2634; x_wconf 87' lang='lat' dir='ltr'><strong>barbara</strong></span> <span class='ocrx_word' id='word_1_195' title='bbox 377 2581 433 2633; x_wconf 88' lang='lat' dir='ltr'><strong>illa</strong></span> <span class='ocrx_word' id='word_1_196' title='bbox 452 2596 562 2648; x_wconf 88' lang='lat' dir='ltr'><strong>manus,</strong></span> <span class='ocrx_word' id='word_1_197' title='bbox 578 2582 613 2633; x_wconf 91' lang='lat' dir='ltr'><strong>ob</strong></span> <span class='ocrx_word' id='word_1_198' title='bbox 626 2596 739 2634; x_wconf 90' lang='lat' dir='ltr'><strong>causam</strong></span> <span class='ocrx_word' id='word_1_199' title='bbox 760 2591 841 2647; x_wconf 89' lang='lat' dir='ltr'><strong>quam</strong></span> <span class='ocrx_word' id='word_1_200' title='bbox 860 2581 981 2634; x_wconf 88' lang='lat' dir='ltr'><strong>hicnon</strong></span> <span class='ocrx_word' id='word_1_201' title='bbox 1001 2581 1085 2631; x_wconf 85' lang='lat' dir='ltr'><strong>vacat</strong></span> <span class='ocrx_word' id='word_1_202' title='bbox 1110 2578 1226 2644; x_wconf 82' lang='lat' dir='ltr'><strong>referre,</strong></span> 
     </span>
     <span class='ocr_line' id='line_1_25' title="bbox 101 2666 1228 2740; baseline -0.005 -16"><span class='ocrx_word' id='word_1_203' title='bbox 101 2671 200 2724; x_wconf 85' lang='lat' dir='ltr'><strong>fausta</strong></span> <span class='ocrx_word' id='word_1_204' title='bbox 218 2670 336 2724; x_wconf 83' lang='lat' dir='ltr'><strong>fortuna</strong></span> <span class='ocrx_word' id='word_1_205' title='bbox 353 2666 503 2740; x_wconf 88' lang='lat' dir='ltr'><strong>pepercit),</strong></span> <span class='ocrx_word' id='word_1_206' title='bbox 524 2669 609 2723; x_wconf 87' lang='lat' dir='ltr'><strong>valdo</strong></span> <span class='ocrx_word' id='word_1_207' title='bbox 627 2671 740 2737; x_wconf 89' lang='lat' dir='ltr'><strong>prolixe</strong></span> <span class='ocrx_word' id='word_1_208' title='bbox 759 2671 912 2723; x_wconf 86' lang='lat' dir='ltr'><strong>exhibetur</strong></span> <span class='ocrx_word' id='word_1_209' title='bbox 931 2668 1068 2722; x_wconf 89' lang='lat' dir='ltr'><strong>acerrima</strong></span> <span class='ocrx_word' id='word_1_210' title='bbox 1087 2669 1228 2720; x_wconf 88' lang='lat' dir='ltr'><strong>concerta-</strong></span> 
     </span>
     <span class='ocr_line' id='line_1_26' title="bbox 101 2755 1230 2826; baseline -0.005 -14"><span class='ocrx_word' id='word_1_211' title='bbox 101 2763 153 2826; x_wconf 87' lang='lat' dir='ltr'><strong>tio,</strong></span> <span class='ocrx_word' id='word_1_212' title='bbox 171 2774 243 2826; x_wconf 88' lang='lat' dir='ltr'><strong>quae</strong></span> <span class='ocrx_word' id='word_1_213' title='bbox 256 2773 330 2812; x_wconf 89' lang='lat' dir='ltr'><strong>anno</strong></span> <span class='ocrx_word' id='word_1_214' title='bbox 345 2759 414 2811; x_wconf 89' lang='grc'>1089</span> <span class='ocrx_word' id='word_1_215' title='bbox 435 2759 513 2812; x_wconf 87' lang='lat' dir='ltr'><strong>inter</strong></span> <span class='ocrx_word' id='word_1_216' title='bbox 536 2761 668 2810; x_wconf 76' lang='lat' dir='ltr'><strong>Thamara</strong></span> <span class='ocrx_word' id='word_1_217' title='bbox 690 2759 849 2825; x_wconf 89' lang='lat' dir='ltr'><strong>episcopum</strong></span> <span class='ocrx_word' id='word_1_218' title='bbox 868 2757 1078 2810; x_wconf 77' lang='lat' dir='ltr'><strong>Maronitarum</strong></span> <span class='ocrx_word' id='word_1_219' title='bbox 1096 2755 1181 2823; x_wconf 78' lang='lat' dir='ltr'><strong>Alepi</strong></span> <span class='ocrx_word' id='word_1_220' title='bbox 1200 2757 1230 2806; x_wconf 88' lang='lat' dir='ltr'><strong>et</strong></span> 
     </span>
     <span class='ocr_line' id='line_1_27' title="bbox 100 2847 1229 2916; baseline -0.005 -12"><span class='ocrx_word' id='word_1_221' title='bbox 100 2855 243 2904; x_wconf 81' lang='lat' dir='ltr'><strong>Joereaem</strong></span> <span class='ocrx_word' id='word_1_222' title='bbox 261 2848 454 2916; x_wconf 89' lang='lat' dir='ltr'><strong>patriercham</strong></span> <span class='ocrx_word' id='word_1_223' title='bbox 467 2848 665 2900; x_wconf 76' lang='lat' dir='ltr'><strong>Melebitsrum</strong></span> <span class='ocrx_word' id='word_1_224' title='bbox 684 2847 804 2900; x_wconf 86' lang='lat' dir='ltr'><strong>exarsit.</strong></span> <span class='ocrx_word' id='word_1_225' title='bbox 826 2848 912 2902; x_wconf 88' lang='lat' dir='ltr'><strong>Porro</strong></span> <span class='ocrx_word' id='word_1_226' title='bbox 926 2849 1006 2900; x_wconf 90' lang='lat' dir='ltr'><strong>totus</strong></span> <span class='ocrx_word' id='word_1_227' title='bbox 1019 2847 1103 2900; x_wconf 89' lang='lat' dir='ltr'><strong>cardo</strong></span> <span class='ocrx_word' id='word_1_228' title='bbox 1113 2847 1229 2916; x_wconf 88' lang='lat' dir='ltr'><strong>hujusce</strong></span> 
     </span>
     <span class='ocr_line' id='line_1_28' title="bbox 102 2922 1388 3091; baseline -0.004 -101"><span class='ocrx_word' id='word_1_229' title='bbox 102 2939 311 3006; x_wconf 87' lang='lat' dir='ltr'><strong>disputationis</strong></span> <span class='ocrx_word' id='word_1_230' title='bbox 321 2937 396 2990; x_wconf 89' lang='lat' dir='ltr'><strong>cirea</strong></span> <span class='ocrx_word' id='word_1_231' title='bbox 411 2937 463 2990; x_wconf 91' lang='lat' dir='ltr'><strong>hcc</strong></span> <span class='ocrx_word' id='word_1_232' title='bbox 476 2938 655 3002; x_wconf 85' lang='lat' dir='ltr'><strong>vorsabatur,</strong></span> <span class='ocrx_word' id='word_1_233' title='bbox 668 2936 742 3003; x_wconf 92' lang='lat' dir='ltr'><strong>quod</strong></span> <span class='ocrx_word' id='word_1_234' title='bbox 758 2937 934 2990; x_wconf 78' lang='lat' dir='ltr'><strong>uMelcbitae</strong></span> <span class='ocrx_word' id='word_1_235' title='bbox 948 2937 1017 2989; x_wconf 90' lang='lat' dir='ltr'><strong>duas</strong></span> <span class='ocrx_word' id='word_1_236' title='bbox 1030 2951 1091 2988; x_wconf 86' lang='lat' dir='ltr'><strong>esse</strong></span> <span class='ocrx_word' id='word_1_237' title='bbox 1105 2935 1136 2986; x_wconf 93' lang='lat' dir='ltr'><strong>in</strong></span> <span class='ocrx_word' id='word_1_238' title='bbox 1150 2933 1229 2989; x_wconf 84' lang='lat' dir='ltr'><strong>Ohri·</strong></span> <span class='ocrx_word' id='word_1_239' title='bbox 1262 2922 1388 3091; x_wconf 59' lang='grc' dir='ltr'><strong>ἩἹ</strong></span> 
     </span>
     <span class='ocr_line' id='line_1_29' title="bbox 105 3025 1230 3093; baseline -0.002 -15"><span class='ocrx_word' id='word_1_240' title='bbox 105 3033 180 3082; x_wconf 75' lang='lat' dir='ltr'><strong>„sto</strong></span> <span class='ocrx_word' id='word_1_241' title='bbox 199 3031 364 3083; x_wconf 89' lang='lat' dir='ltr'><strong>voluntates</strong></span> <span class='ocrx_word' id='word_1_242' title='bbox 383 3027 561 3093; x_wconf 89' lang='lat' dir='ltr'><strong>asserebant,</strong></span> <span class='ocrx_word' id='word_1_243' title='bbox 573 3027 733 3080; x_wconf 80' lang='lat' dir='ltr'><strong>Maronitas</strong></span> <span class='ocrx_word' id='word_1_244' title='bbox 752 3031 844 3080; x_wconf 88' lang='lat' dir='ltr'><strong>autem</strong></span> <span class='ocrx_word' id='word_1_245' title='bbox 863 3043 877 3079; x_wconf 92' lang='lat' dir='ltr'><strong>e</strong></span> <span class='ocrx_word' id='word_1_246' title='bbox 896 3031 996 3081; x_wconf 88' lang='lat' dir='ltr'><strong>contra</strong></span> <span class='ocrx_word' id='word_1_247' title='bbox 1008 3027 1186 3079; x_wconf 88' lang='lat' dir='ltr'><strong>affirmabant</strong></span> <span class='ocrx_word' id='word_1_248' title='bbox 1198 3025 1230 3076; x_wconf 91' lang='lat' dir='ltr'><strong>in</strong></span> 
     </span>
     <span class='ocr_line' id='line_1_30' title="bbox 105 3115 1230 3183; baseline -0.003 -15"><span class='ocrx_word' id='word_1_249' title='bbox 105 3119 250 3172; x_wconf 73' lang='lat' dir='ltr'><strong>»Christo</strong></span> <span class='ocrx_word' id='word_1_250' title='bbox 271 3118 421 3169; x_wconf 88' lang='lat' dir='ltr'><strong>incarnato</strong></span> <span class='ocrx_word' id='word_1_251' title='bbox 438 3115 625 3168; x_wconf 89' lang='lat' dir='ltr'><strong>divinitatem</strong></span> <span class='ocrx_word' id='word_1_252' title='bbox 648 3133 710 3170; x_wconf 87' lang='lat' dir='ltr'><strong>esse</strong></span> <span class='ocrx_word' id='word_1_253' title='bbox 732 3121 762 3169; x_wconf 94' lang='lat' dir='ltr'><strong>et</strong></span> <span class='ocrx_word' id='word_1_254' title='bbox 782 3117 999 3183; x_wconf 86' lang='lat' dir='ltr'><strong>humanitatem,</strong></span> <span class='ocrx_word' id='word_1_255' title='bbox 1022 3115 1091 3168; x_wconf 90' lang='lat' dir='ltr'><strong>duas</strong></span> <span class='ocrx_word' id='word_1_256' title='bbox 1113 3117 1230 3166; x_wconf 89' lang='lat' dir='ltr'><strong>naturas</strong></span> 
     </span>
     <span class='ocr_line' id='line_1_31' title="bbox 106 3203 1229 3275; baseline -0.002 -17"><span class='ocrx_word' id='word_1_257' title='bbox 106 3210 244 3275; x_wconf 68' lang='lat' dir='ltr'><strong>eunitae,</strong></span> <span class='ocrx_word' id='word_1_258' title='bbox 265 3223 325 3259; x_wconf 82' lang='lat' dir='ltr'><strong>cum</strong></span> <span class='ocrx_word' id='word_1_259' title='bbox 341 3207 680 3258; x_wconf 77' lang='lat' dir='ltr'><strong>aaueoluutate.r1¹&#39;ol.</strong></span> <span class='ocrx_word' id='word_1_260' title='bbox 697 3210 758 3258; x_wconf 85' lang='lat'><strong><em>134.</em></strong></span> <span class='ocrx_word' id='word_1_261' title='bbox 781 3215 807 3257; x_wconf 84' lang='lat' dir='ltr'><strong>et</strong></span> <span class='ocrx_word' id='word_1_262' title='bbox 828 3223 882 3273; x_wconf 83' lang='lat' dir='ltr'><strong>sep.</strong></span> <span class='ocrx_word' id='word_1_263' title='bbox 904 3208 1031 3259; x_wconf 86' lang='lat' dir='ltr'><strong>insulsae</strong></span> <span class='ocrx_word' id='word_1_264' title='bbox 1055 3203 1124 3256; x_wconf 89' lang='lat' dir='ltr'><strong>adeo</strong></span> <span class='ocrx_word' id='word_1_265' title='bbox 1144 3205 1229 3270; x_wconf 89' lang='lat' dir='ltr'><strong>atqua</strong></span> 
     </span>
     <span class='ocr_line' id='line_1_32' title="bbox 103 3293 1228 3370; baseline -0.008 -16"><span class='ocrx_word' id='word_1_266' title='bbox 103 3299 345 3370; x_wconf 86' lang='lat' dir='ltr'><strong>injuriosissimae</strong></span> <span class='ocrx_word' id='word_1_267' title='bbox 363 3299 554 3362; x_wconf 83' lang='lat' dir='ltr'><strong>congeruntur</strong></span> <span class='ocrx_word' id='word_1_268' title='bbox 572 3296 686 3350; x_wconf 79' lang='lat' dir='ltr'><strong>fabulae</strong></span> <span class='ocrx_word' id='word_1_269' title='bbox 705 3299 804 3350; x_wconf 87' lang='lat' dir='ltr'><strong>contra</strong></span> <span class='ocrx_word' id='word_1_270' title='bbox 824 3299 950 3349; x_wconf 86' lang='lat' dir='ltr'><strong>sanctum</strong></span> <span class='ocrx_word' id='word_1_271' title='bbox 972 3295 1038 3347; x_wconf 84' lang='lat' dir='ltr'><strong>fidei</strong></span> <span class='ocrx_word' id='word_1_272' title='bbox 1052 3293 1228 3346; x_wconf 76' lang='lat' dir='ltr'><strong>defensorem</strong></span> 
     </span>
     <span class='ocr_line' id='line_1_33' title="bbox 104 3384 1228 3453; baseline -0.007 -8"><span class='ocrx_word' id='word_1_273' title='bbox 104 3391 256 3445; x_wconf 88' lang='lat' dir='ltr'><strong>Maximum</strong></span> <span class='ocrx_word' id='word_1_274' title='bbox 276 3389 416 3453; x_wconf 89' lang='lat' dir='ltr'><strong>abbatem,</strong></span> <span class='ocrx_word' id='word_1_275' title='bbox 433 3387 514 3453; x_wconf 89' lang='lat' dir='ltr'><strong>quasi</strong></span> <span class='ocrx_word' id='word_1_276' title='bbox 533 3387 596 3453; x_wconf 88' lang='lat' dir='ltr'><strong>ipse</strong></span> <span class='ocrx_word' id='word_1_277' title='bbox 616 3385 717 3452; x_wconf 80' lang='lat' dir='ltr'><strong>dogma</strong></span> <span class='ocrx_word' id='word_1_278' title='bbox 729 3385 845 3440; x_wconf 89' lang='lat' dir='ltr'><strong>duarum</strong></span> <span class='ocrx_word' id='word_1_279' title='bbox 859 3387 1038 3439; x_wconf 89' lang='lat' dir='ltr'><strong>voluntatum</strong></span> <span class='ocrx_word' id='word_1_280' title='bbox 1051 3384 1228 3448; x_wconf 83' lang='lat' dir='ltr'><strong>excogitave-</strong></span> 
     </span>
     <span class='ocr_line' id='line_1_34' title="bbox 104 3474 1226 3544; baseline -0.004 -11"><span class='ocrx_word' id='word_1_281' title='bbox 104 3483 155 3534; x_wconf 91' lang='lat' dir='ltr'><strong>rit.</strong></span> <span class='ocrx_word' id='word_1_282' title='bbox 182 3481 248 3531; x_wconf 81' lang='lat' dir='ltr'><strong>Fol.</strong></span> <span class='ocrx_word' id='word_1_283' title='bbox 267 3483 328 3532; x_wconf 74' lang='lat'><strong><em>148.</em></strong></span> <span class='ocrx_word' id='word_1_284' title='bbox 351 3485 377 3528; x_wconf 81' lang='lat' dir='ltr'><strong>et</strong></span> <span class='ocrx_word' id='word_1_285' title='bbox 399 3493 455 3544; x_wconf 75' lang='lat' dir='ltr'><strong>seq.</strong></span> <span class='ocrx_word' id='word_1_286' title='bbox 476 3477 603 3544; x_wconf 89' lang='lat' dir='ltr'><strong>perbelle</strong></span> <span class='ocrx_word' id='word_1_287' title='bbox 626 3480 781 3530; x_wconf 89' lang='lat' dir='ltr'><strong>narrantur</strong></span> <span class='ocrx_word' id='word_1_288' title='bbox 803 3479 895 3529; x_wconf 86' lang='lat' dir='ltr'><strong>sectae</strong></span> <span class='ocrx_word' id='word_1_289' title='bbox 919 3474 1106 3528; x_wconf 87' lang='lat' dir='ltr'><strong>Maroniticae</strong></span> <span class='ocrx_word' id='word_1_290' title='bbox 1129 3474 1226 3528; x_wconf 84' lang='lat' dir='ltr'><strong>initia.</strong></span> 
     </span>
     <span class='ocr_line' id='line_1_35' title="bbox 105 3493 1406 3682; baseline -0.007 -58"><span class='ocrx_word' id='word_1_291' title='bbox 105 3572 219 3624; x_wconf 88' lang='lat' dir='ltr'><strong>Dicitur</strong></span> <span class='ocrx_word' id='word_1_292' title='bbox 238 3569 322 3622; x_wconf 87' lang='lat' dir='ltr'><strong>enim:</strong></span> <span class='ocrx_word' id='word_1_293' title='bbox 346 3587 358 3614; x_wconf 73' lang='lat' dir='ltr'><strong>a</strong></span> <span class='ocrx_word' id='word_1_294' title='bbox 374 3569 533 3634; x_wconf 87' lang='lat' dir='ltr'><strong>Imperator</strong></span> <span class='ocrx_word' id='word_1_295' title='bbox 546 3567 706 3622; x_wconf 87' lang='lat' dir='ltr'><strong>Marcianus</strong></span> <span class='ocrx_word' id='word_1_296' title='bbox 718 3567 784 3636; x_wconf 83' lang='lat' dir='ltr'><strong>(sic)</strong></span> <span class='ocrx_word' id='word_1_297' title='bbox 797 3565 940 3619; x_wconf 90' lang='lat' dir='ltr'><strong>decretum</strong></span> <span class='ocrx_word' id='word_1_298' title='bbox 954 3564 990 3618; x_wconf 93' lang='lat' dir='ltr'><strong>ad</strong></span> <span class='ocrx_word' id='word_1_299' title='bbox 1003 3580 1098 3618; x_wconf 86' lang='lat' dir='ltr'><strong>omnes</strong></span> <span class='ocrx_word' id='word_1_300' title='bbox 1111 3564 1230 3631; x_wconf 87' lang='lat' dir='ltr'><strong>Imperii</strong></span> <span class='ocrx_word' id='word_1_301' title='bbox 1264 3493 1309 3674; x_wconf 48' lang='lat' dir='ltr'>S</span> <span class='ocrx_word' id='word_1_302' title='bbox 1363 3501 1406 3682; x_wconf 54' lang='lat' dir='ltr'><strong>l,</strong></span> 
     </span>
     <span class='ocr_line' id='line_1_36' title="bbox 107 3655 1227 3728; baseline -0.003 -20"><span class='ocrx_word' id='word_1_303' title='bbox 107 3683 119 3708; x_wconf 67' lang='lat' dir='ltr'><strong>a</strong></span> <span class='ocrx_word' id='word_1_304' title='bbox 134 3661 253 3728; x_wconf 85' lang='lat' dir='ltr'><strong>populos</strong></span> <span class='ocrx_word' id='word_1_305' title='bbox 268 3659 357 3725; x_wconf 86' lang='lat' dir='ltr'><strong>misit,</strong></span> <span class='ocrx_word' id='word_1_306' title='bbox 371 3673 424 3725; x_wconf 90' lang='lat' dir='ltr'><strong>quo</strong></span> <span class='ocrx_word' id='word_1_307' title='bbox 436 3658 474 3710; x_wconf 89' lang='lat' dir='ltr'><strong>iis</strong></span> <span class='ocrx_word' id='word_1_308' title='bbox 489 3657 685 3726; x_wconf 88' lang='lat' dir='ltr'><strong>praecipiebat</strong></span> <span class='ocrx_word' id='word_1_309' title='bbox 694 3656 899 3724; x_wconf 82' lang='lat' dir='ltr'><strong>professionem</strong></span> <span class='ocrx_word' id='word_1_310' title='bbox 910 3655 1026 3708; x_wconf 88' lang='lat' dir='ltr'><strong>duarum</strong></span> <span class='ocrx_word' id='word_1_311' title='bbox 1037 3656 1227 3720; x_wconf 75' lang='lat' dir='ltr'><strong>voluntatum,</strong></span> 
     </span>
     <span class='ocr_line' id='line_1_37' title="bbox 108 3743 1228 3817; baseline -0.002 -19"><span class='ocrx_word' id='word_1_312' title='bbox 108 3750 202 3817; x_wconf 68' lang='lat' dir='ltr'><strong>»Syri</strong></span> <span class='ocrx_word' id='word_1_313' title='bbox 223 3751 316 3801; x_wconf 91' lang='lat' dir='ltr'><strong>antem</strong></span> <span class='ocrx_word' id='word_1_314' title='bbox 335 3745 430 3814; x_wconf 85' lang='lat' dir='ltr'><strong>Alepi,</strong></span> <span class='ocrx_word' id='word_1_315' title='bbox 452 3747 592 3812; x_wconf 89' lang='lat' dir='ltr'><strong>Damasci,</strong></span> <span class='ocrx_word' id='word_1_316' title='bbox 612 3746 719 3799; x_wconf 91' lang='lat' dir='ltr'><strong>Montis</strong></span> <span class='ocrx_word' id='word_1_317' title='bbox 738 3745 853 3813; x_wconf 83' lang='lat' dir='ltr'><strong>Libani,</strong></span> <span class='ocrx_word' id='word_1_318' title='bbox 876 3746 1011 3798; x_wconf 88' lang='lat' dir='ltr'><strong>Hemesee</strong></span> <span class='ocrx_word' id='word_1_319' title='bbox 1030 3747 1060 3796; x_wconf 90' lang='lat' dir='ltr'><strong>et</strong></span> <span class='ocrx_word' id='word_1_320' title='bbox 1077 3743 1228 3812; x_wconf 86' lang='lat' dir='ltr'><strong>Apameae,</strong></span> 
     </span>
    </p>

    <p class='ocr_par' dir='ltr' id='par_1_9' title="bbox 107 3835 1230 4259">
     <span class='ocr_line' id='line_1_38' title="bbox 107 3835 1227 3905; baseline -0.008 -12"><span class='ocrx_word' id='word_1_321' title='bbox 107 3863 119 3886; x_wconf 73' lang='lat' dir='ltr'><em>n</em></span> <span class='ocrx_word' id='word_1_322' title='bbox 134 3855 193 3893; x_wconf 87' lang='lat' dir='ltr'><strong>eum</strong></span> <span class='ocrx_word' id='word_1_323' title='bbox 213 3839 249 3892; x_wconf 89' lang='lat' dir='ltr'><strong>ad</strong></span> <span class='ocrx_word' id='word_1_324' title='bbox 269 3839 347 3905; x_wconf 87' lang='lat' dir='ltr'><strong>ipsos</strong></span> <span class='ocrx_word' id='word_1_325' title='bbox 365 3835 438 3888; x_wconf 91' lang='lat' dir='ltr'><strong>illud</strong></span> <span class='ocrx_word' id='word_1_326' title='bbox 459 3836 604 3905; x_wconf 66' lang='lat' dir='ltr'><strong>decretum⁸</strong></span> <span class='ocrx_word' id='word_1_327' title='bbox 621 3836 763 3902; x_wconf 88' lang='lat' dir='ltr'><strong>pervenit,</strong></span> <span class='ocrx_word' id='word_1_328' title='bbox 785 3835 833 3886; x_wconf 93' lang='lat' dir='ltr'><strong>illi</strong></span> <span class='ocrx_word' id='word_1_329' title='bbox 854 3837 1051 3900; x_wconf 89' lang='lat' dir='ltr'><strong>obtemperare</strong></span> <span class='ocrx_word' id='word_1_330' title='bbox 1064 3835 1227 3900; x_wconf 88' lang='lat' dir='ltr'><strong>noluerunt,</strong></span> 
     </span>
     <span class='ocr_line' id='line_1_39' title="bbox 109 3922 1230 3989; baseline -0.004 -12"><span class='ocrx_word' id='word_1_331' title='bbox 109 3952 120 3977; x_wconf 75' lang='lat' dir='ltr'><em>n</em></span> <span class='ocrx_word' id='word_1_332' title='bbox 136 3929 274 3982; x_wconf 86' lang='lat' dir='ltr'><strong>dicentes:</strong></span> <span class='ocrx_word' id='word_1_333' title='bbox 290 3928 348 3979; x_wconf 85' lang='lat' dir='ltr'><strong>Nos</strong></span> <span class='ocrx_word' id='word_1_334' title='bbox 362 3925 501 3979; x_wconf 87' lang='lat' dir='ltr'><strong>sentimus</strong></span> <span class='ocrx_word' id='word_1_335' title='bbox 514 3924 589 3977; x_wconf 90' lang='lat' dir='ltr'><strong>sicut</strong></span> <span class='ocrx_word' id='word_1_336' title='bbox 601 3924 732 3976; x_wconf 88' lang='lat' dir='ltr'><strong>monachi</strong></span> <span class='ocrx_word' id='word_1_337' title='bbox 744 3924 873 3976; x_wconf 89' lang='lat' dir='ltr'><strong>coenobii</strong></span> <span class='ocrx_word' id='word_1_338' title='bbox 885 3922 1029 3989; x_wconf 83' lang='lat' dir='ltr'><strong>Syrorum,</strong></span> <span class='ocrx_word' id='word_1_339' title='bbox 1045 3938 1079 3975; x_wconf 91' lang='lat' dir='ltr'><strong>ex</strong></span> <span class='ocrx_word' id='word_1_340' title='bbox 1092 3923 1120 3976; x_wconf 81' lang='lat' dir='ltr'><strong>S.</strong></span> <span class='ocrx_word' id='word_1_341' title='bbox 1132 3924 1230 3975; x_wconf 88' lang='lat' dir='ltr'><strong>Mareu</strong></span> 
     </span>
     <span class='ocr_line' id='line_1_40' title="bbox 109 4011 1230 4084; baseline -0.001 -18"><span class='ocrx_word' id='word_1_342' title='bbox 109 4017 299 4084; x_wconf 66' lang='lat' dir='ltr'><strong>nuncupati.</strong></span> <span class='ocrx_word' id='word_1_343' title='bbox 322 4016 397 4080; x_wconf 75' lang='lat' dir='ltr'><strong>Quae</strong></span> <span class='ocrx_word' id='word_1_344' title='bbox 417 4031 476 4068; x_wconf 89' lang='lat' dir='ltr'><strong>cum</strong></span> <span class='ocrx_word' id='word_1_345' title='bbox 497 4014 646 4068; x_wconf 89' lang='lat' dir='ltr'><strong>audissent</strong></span> <span class='ocrx_word' id='word_1_346' title='bbox 665 4015 713 4068; x_wconf 89' lang='lat' dir='ltr'><strong>illi</strong></span> <span class='ocrx_word' id='word_1_347' title='bbox 733 4013 873 4080; x_wconf 90' lang='lat' dir='ltr'><strong>monachi,</strong></span> <span class='ocrx_word' id='word_1_348' title='bbox 895 4013 1092 4066; x_wconf 89' lang='lat' dir='ltr'><strong>acerbissimas</strong></span> <span class='ocrx_word' id='word_1_349' title='bbox 1112 4011 1230 4078; x_wconf 89' lang='lat' dir='ltr'><strong>scripse·</strong></span> 
     </span>
     <span class='ocr_line' id='line_1_41' title="bbox 109 4101 1229 4172; baseline -0.003 -18"><span class='ocrx_word' id='word_1_350' title='bbox 109 4128 120 4154; x_wconf 71' lang='lat' dir='ltr'><em>n</em></span> <span class='ocrx_word' id='word_1_351' title='bbox 137 4109 205 4159; x_wconf 88' lang='lat' dir='ltr'><strong>runt</strong></span> <span class='ocrx_word' id='word_1_352' title='bbox 223 4105 259 4158; x_wconf 90' lang='lat' dir='ltr'><strong>ad</strong></span> <span class='ocrx_word' id='word_1_353' title='bbox 278 4106 477 4172; x_wconf 88' lang='lat' dir='ltr'><strong>imperatorem</strong></span> <span class='ocrx_word' id='word_1_354' title='bbox 498 4103 649 4158; x_wconf 84' lang='lat' dir='ltr'><strong>litteras...</strong></span> <span class='ocrx_word' id='word_1_355' title='bbox 663 4103 703 4156; x_wconf 78' lang='lat' dir='ltr'><strong>At</strong></span> <span class='ocrx_word' id='word_1_356' title='bbox 721 4119 781 4156; x_wconf 89' lang='lat' dir='ltr'><strong>cum</strong></span> <span class='ocrx_word' id='word_1_357' title='bbox 801 4120 832 4156; x_wconf 91' lang='lat' dir='ltr'><strong>eo</strong></span> <span class='ocrx_word' id='word_1_358' title='bbox 853 4105 977 4170; x_wconf 89' lang='lat' dir='ltr'><strong>tempore</strong></span> <span class='ocrx_word' id='word_1_359' title='bbox 997 4101 1096 4155; x_wconf 78' lang='lat' dir='ltr'><strong>Graeci</strong></span> <span class='ocrx_word' id='word_1_360' title='bbox 1110 4101 1229 4166; x_wconf 85' lang='lat' dir='ltr'><strong>impers-</strong></span> 
     </span>
     <span class='ocr_line' id='line_1_42' title="bbox 109 4189 1228 4259; baseline -0.003 -16"><span class='ocrx_word' id='word_1_361' title='bbox 109 4217 120 4243; x_wconf 67' lang='grc' dir='ltr'><em>η</em></span> <span class='ocrx_word' id='word_1_362' title='bbox 137 4198 214 4248; x_wconf 89' lang='lat' dir='ltr'><strong>tores</strong></span> <span class='ocrx_word' id='word_1_363' title='bbox 227 4195 259 4247; x_wconf 93' lang='lat' dir='ltr'><strong>in</strong></span> <span class='ocrx_word' id='word_1_364' title='bbox 273 4193 453 4248; x_wconf 86' lang='lat' dir='ltr'><strong>debellandis</strong></span> <span class='ocrx_word' id='word_1_365' title='bbox 466 4192 709 4247; x_wconf 86' lang='lat' dir='ltr'><strong>Muhammedanis</strong></span> <span class='ocrx_word' id='word_1_366' title='bbox 723 4192 851 4259; x_wconf 88' lang='lat' dir='ltr'><strong>occupati</strong></span> <span class='ocrx_word' id='word_1_367' title='bbox 865 4194 970 4258; x_wconf 87' lang='lat' dir='ltr'><strong>essent,</strong></span> <span class='ocrx_word' id='word_1_368' title='bbox 983 4191 1092 4244; x_wconf 86' lang='lat' dir='ltr'><strong>nullam</strong></span> <span class='ocrx_word' id='word_1_369' title='bbox 1105 4189 1228 4256; x_wconf 87' lang='lat' dir='ltr'><strong>amplius</strong></span> 
     </span>
    </p>
   </div>
   <div class='ocr_carea' id='block_1_5' title="bbox 0 0 1517 4672">
    <p class='ocr_par' dir='ltr' id='par_1_10' title="bbox 0 0 1517 4672">
     <span class='ocr_line' id='line_1_43' title="bbox 0 0 1517 4672; baseline 0 0"><span class='ocrx_word' id='word_1_370' title='bbox 0 0 1517 4672; x_wconf 95' lang='lat' dir='ltr'><strong> </strong></span> 
     </span>
    </p>
   </div>
  </div>
 </body>
</html>
