<?xml version="1.0" encoding="UTF-8"?>
<!DOCTYPE html PUBLIC "-//W3C//DTD XHTML 1.0 Transitional//EN"
    "http://www.w3.org/TR/xhtml1/DTD/xhtml1-transitional.dtd">
<html xmlns="http://www.w3.org/1999/xhtml" xml:lang="en" lang="en">
 <head>
  <title>
</title>
<meta http-equiv="Content-Type" content="text/html;charset=utf-8" />
  <meta name='ocr-system' content='tesseract 3.04.00' />
  <meta name='ocr-capabilities' content='ocr_page ocr_carea ocr_par ocr_line ocrx_word'/>
</head>
<body>
  <div class='ocr_page' id='page_1' title='image "./antiquaecclesis00davigoog_0074.png"; bbox 0 0 3006 4672; ppageno 0'>
   <div class='ocr_carea' id='block_1_1' title="bbox 371 123 1178 192">
    <p class='ocr_par' dir='ltr' id='par_1_1' title="bbox 371 123 1178 192">
     <span class='ocr_line' id='line_1_1' title="bbox 371 123 1178 192; baseline -0.001 -1"><span class='ocrx_word' id='word_1_1' title='bbox 371 148 413 191; x_wconf 77' lang='lat' dir='ltr'>EX</span> <span class='ocrx_word' id='word_1_2' title='bbox 437 147 650 191; x_wconf 66' lang='lat' dir='ltr'>morvillerius</span> <span class='ocrx_word' id='word_1_3' title='bbox 675 148 873 192; x_wconf 72' lang='lat' dir='ltr'>amoenata.</span> <span class='ocrx_word' id='word_1_4' title='bbox 1136 123 1178 190; x_wconf 74' lang='grc'>51</span> 
     </span>
    </p>
   </div>
   <div class='ocr_carea' id='block_1_2' title="bbox 42 258 1255 3353">
    <p class='ocr_par' dir='ltr' id='par_1_2' title="bbox 51 258 1178 348">
     <span class='ocr_line' id='line_1_2' title="bbox 51 258 1178 348; baseline -0.001 -23"><span class='ocrx_word' id='word_1_5' title='bbox 51 285 68 318; x_wconf 83' lang='lat' dir='ltr'><em>n</em></span> <span class='ocrx_word' id='word_1_6' title='bbox 90 258 520 348; x_wconf 84' lang='lat' dir='ltr'>Constantinopolitanum</span> <span class='ocrx_word' id='word_1_7' title='bbox 532 258 775 348; x_wconf 80' lang='lat' dir='ltr'><strong>episcoposque</strong></span> <span class='ocrx_word' id='word_1_8' title='bbox 786 259 846 348; x_wconf 90' lang='lat' dir='ltr'>qui</span> <span class='ocrx_word' id='word_1_9' title='bbox 860 280 935 326; x_wconf 87' lang='lat' dir='ltr'>cum</span> <span class='ocrx_word' id='word_1_10' title='bbox 952 281 990 326; x_wconf 89' lang='lat' dir='ltr'>eo</span> <span class='ocrx_word' id='word_1_11' title='bbox 1006 264 1107 326; x_wconf 89' lang='lat' dir='ltr'>erant</span> <span class='ocrx_word' id='word_1_12' title='bbox 1121 281 1178 326; x_wconf 87' lang='lat' dir='ltr'>ex·</span> 
     </span>
    </p>

    <p class='ocr_par' dir='ltr' id='par_1_3' title="bbox 52 364 1175 456">
     <span class='ocr_line' id='line_1_3' title="bbox 52 364 1175 456; baseline -0.004 -22"><span class='ocrx_word' id='word_1_13' title='bbox 52 393 68 426; x_wconf 81' lang='lat' dir='ltr'><em>n</em></span> <span class='ocrx_word' id='word_1_14' title='bbox 90 367 418 450; x_wconf 88' lang='lat' dir='ltr'>communicaverit,</span> <span class='ocrx_word' id='word_1_15' title='bbox 434 387 639 456; x_wconf 88' lang='lat' dir='ltr'>quamquam</span> <span class='ocrx_word' id='word_1_16' title='bbox 652 365 679 432; x_wconf 92' lang='lat' dir='ltr'>ii</span> <span class='ocrx_word' id='word_1_17' title='bbox 692 365 889 434; x_wconf 90' lang='lat' dir='ltr'>innocentes</span> <span class='ocrx_word' id='word_1_18' title='bbox 901 370 1027 432; x_wconf 88' lang='lat' dir='ltr'>essent.</span> <span class='ocrx_word' id='word_1_19' title='bbox 1042 364 1175 448; x_wconf 89' lang='lat' dir='ltr'>Omnia,</span> 
     </span>
    </p>

    <p class='ocr_par' dir='ltr' id='par_1_4' title="bbox 50 471 1175 561">
     <span class='ocr_line' id='line_1_4' title="bbox 50 471 1175 561; baseline -0.002 -21"><span class='ocrx_word' id='word_1_20' title='bbox 50 499 66 534; x_wconf 79' lang='lat' dir='ltr'>n</span> <span class='ocrx_word' id='word_1_21' title='bbox 89 475 260 542; x_wconf 80' lang='lat' dir='ltr'>dicebant</span> <span class='ocrx_word' id='word_1_22' title='bbox 280 474 400 556; x_wconf 87' lang='lat' dir='ltr'>Leoni,</span> <span class='ocrx_word' id='word_1_23' title='bbox 423 475 609 542; x_wconf 78' lang='lat' dir='ltr'>Dioscorus</span> <span class='ocrx_word' id='word_1_24' title='bbox 633 471 720 539; x_wconf 84' lang='lat' dir='ltr'>fecit</span> <span class='ocrx_word' id='word_1_25' title='bbox 738 471 842 559; x_wconf 86' lang='lat' dir='ltr'>juxta</span> <span class='ocrx_word' id='word_1_26' title='bbox 865 473 1034 561; x_wconf 90' lang='lat' dir='ltr'>placitum</span> <span class='ocrx_word' id='word_1_27' title='bbox 1063 495 1175 556; x_wconf 90' lang='lat' dir='ltr'>suum,</span> 
     </span>
    </p>

    <p class='ocr_par' dir='ltr' id='par_1_5' title="bbox 52 580 1178 670">
     <span class='ocr_line' id='line_1_5' title="bbox 52 580 1178 670; baseline -0.004 -22"><span class='ocrx_word' id='word_1_28' title='bbox 52 607 67 641; x_wconf 82' lang='lat' dir='ltr'>n</span> <span class='ocrx_word' id='word_1_29' title='bbox 83 580 180 670; x_wconf 90' lang='lat' dir='ltr'>quin</span> <span class='ocrx_word' id='word_1_30' title='bbox 191 582 374 650; x_wconf 87' lang='lat' dir='ltr'>eonsilium</span> <span class='ocrx_word' id='word_1_31' title='bbox 387 589 487 649; x_wconf 91' lang='lat' dir='ltr'>tuum</span> <span class='ocrx_word' id='word_1_32' title='bbox 499 587 643 670; x_wconf 89' lang='lat' dir='ltr'>peteret.</span> <span class='ocrx_word' id='word_1_33' title='bbox 656 581 709 647; x_wconf 81' lang='lat' dir='ltr'>Tu</span> <span class='ocrx_word' id='word_1_34' title='bbox 722 604 770 664; x_wconf 89' lang='lat' dir='ltr'>es,</span> <span class='ocrx_word' id='word_1_35' title='bbox 785 582 987 669; x_wconf 75' lang='lat' dir='ltr'>pergebant,</span> <span class='ocrx_word' id='word_1_36' title='bbox 1000 581 1178 646; x_wconf 77' lang='lat' dir='ltr'>ParerDo-</span> 
     </span>
    </p>

    <p class='ocr_par' dir='ltr' id='par_1_6' title="bbox 50 689 1178 778">
     <span class='ocr_line' id='line_1_6' title="bbox 50 689 1178 778; baseline 0.002 -30"><span class='ocrx_word' id='word_1_37' title='bbox 50 715 67 748; x_wconf 82' lang='lat' dir='ltr'><em>n</em></span> <span class='ocrx_word' id='word_1_38' title='bbox 82 691 427 756; x_wconf 71' lang='lat' dir='ltr'>minusPutriur-cba</span> <span class='ocrx_word' id='word_1_39' title='bbox 439 691 621 770; x_wconf 65' lang='lat' dir='ltr'>mamimus·</span> <span class='ocrx_word' id='word_1_40' title='bbox 628 695 668 757; x_wconf 91' lang='lat' dir='ltr'>tu</span> <span class='ocrx_word' id='word_1_41' title='bbox 683 712 719 757; x_wconf 90' lang='lat' dir='ltr'>es</span> <span class='ocrx_word' id='word_1_42' title='bbox 732 713 895 755; x_wconf 73' lang='lat' dir='ltr'>successor</span> <span class='ocrx_word' id='word_1_43' title='bbox 909 690 1008 756; x_wconf 81' lang='lat' dir='ltr'>Petri</span> <span class='ocrx_word' id='word_1_44' title='bbox 1029 689 1178 778; x_wconf 80' lang='lat' dir='ltr'>apostoli</span> 
     </span>
    </p>

    <p class='ocr_par' dir='ltr' id='par_1_7' title="bbox 52 797 1178 884">
     <span class='ocr_line' id='line_1_7' title="bbox 52 797 1178 884; baseline 0.009 -29"><span class='ocrx_word' id='word_1_45' title='bbox 52 822 67 855; x_wconf 74' lang='lat' dir='ltr'><em>n</em></span> <span class='ocrx_word' id='word_1_46' title='bbox 84 798 544 884; x_wconf 75' lang='lat' dir='ltr'>principisDiscipalorum.</span> <span class='ocrx_word' id='word_1_47' title='bbox 560 799 780 877; x_wconf 77' lang='lat' dir='ltr'>Quaratione</span> <span class='ocrx_word' id='word_1_48' title='bbox 789 798 954 865; x_wconf 90' lang='lat' dir='ltr'>Dioscoro</span> <span class='ocrx_word' id='word_1_49' title='bbox 967 797 1051 866; x_wconf 85' lang='lat' dir='ltr'>haec</span> <span class='ocrx_word' id='word_1_50' title='bbox 1064 799 1178 865; x_wconf 85' lang='lat' dir='ltr'>facere</span> 
     </span>
    </p>

    <p class='ocr_par' dir='ltr' id='par_1_8' title="bbox 51 903 1177 988">
     <span class='ocr_line' id='line_1_8' title="bbox 51 903 1177 988; baseline 0.003 -20"><span class='ocrx_word' id='word_1_51' title='bbox 51 929 67 963; x_wconf 80' lang='lat' dir='ltr'><em>n</em></span> <span class='ocrx_word' id='word_1_52' title='bbox 88 903 195 988; x_wconf 91' lang='lat' dir='ltr'>licet,</span> <span class='ocrx_word' id='word_1_53' title='bbox 213 911 248 972; x_wconf 90' lang='lat' dir='ltr'>te</span> <span class='ocrx_word' id='word_1_54' title='bbox 266 905 424 973; x_wconf 76' lang='lat' dir='ltr'>vivente?</span> <span class='ocrx_word' id='word_1_55' title='bbox 436 933 453 968; x_wconf 80' lang='lat' dir='ltr'><em>n</em></span> <span class='ocrx_word' id='word_1_56' title='bbox 473 905 611 972; x_wconf 83' lang='lat' dir='ltr'>Similia</span> <span class='ocrx_word' id='word_1_57' title='bbox 628 905 700 971; x_wconf 86' lang='lat' dir='ltr'>iere</span> <span class='ocrx_word' id='word_1_58' title='bbox 715 910 838 972; x_wconf 87' lang='lat' dir='ltr'>narrat</span> <span class='ocrx_word' id='word_1_59' title='bbox 849 903 1040 972; x_wconf 86' lang='lat' dir='ltr'>historicus</span> <span class='ocrx_word' id='word_1_60' title='bbox 1056 905 1177 973; x_wconf 88' lang='lat' dir='ltr'>Nesto-</span> 
     </span>
    </p>

    <p class='ocr_par' dir='ltr' id='par_1_9' title="bbox 49 1011 1177 1208">
     <span class='ocr_line' id='line_1_9' title="bbox 49 1011 1175 1098; baseline 0.001 -21"><span class='ocrx_word' id='word_1_61' title='bbox 49 1012 194 1095; x_wconf 91' lang='lat' dir='ltr'>rianus,</span> <span class='ocrx_word' id='word_1_62' title='bbox 218 1012 348 1080; x_wconf 90' lang='lat' dir='ltr'>Amrus</span> <span class='ocrx_word' id='word_1_63' title='bbox 371 1012 551 1094; x_wconf 75' lang='lat' dir='ltr'>Matthaei,</span> <span class='ocrx_word' id='word_1_64' title='bbox 567 1011 657 1078; x_wconf 90' lang='lat' dir='ltr'>alias</span> <span class='ocrx_word' id='word_1_65' title='bbox 685 1011 827 1097; x_wconf 90' lang='lat' dir='ltr'>citatus,</span> <span class='ocrx_word' id='word_1_66' title='bbox 848 1011 909 1077; x_wconf 83' lang='lat' dir='ltr'>lib.</span> <span class='ocrx_word' id='word_1_67' title='bbox 925 1018 959 1091; x_wconf 90' lang='lat'>3,</span> <span class='ocrx_word' id='word_1_68' title='bbox 977 1034 1051 1097; x_wconf 83' lang='lat' dir='ltr'>cap.</span> <span class='ocrx_word' id='word_1_69' title='bbox 1064 1017 1097 1078; x_wconf 84' lang='lat'>8.</span> <span class='ocrx_word' id='word_1_70' title='bbox 1112 1011 1175 1098; x_wconf 83' lang='lat'>(1).</span> 
     </span>
     <span class='ocr_line' id='line_1_10' title="bbox 120 1117 1177 1208; baseline -0.001 -22"><span class='ocrx_word' id='word_1_71' title='bbox 120 1119 272 1208; x_wconf 83' lang='lat' dir='ltr'>Insuper</span> <span class='ocrx_word' id='word_1_72' title='bbox 284 1121 374 1187; x_wconf 91' lang='lat' dir='ltr'>idem</span> <span class='ocrx_word' id='word_1_73' title='bbox 387 1119 518 1186; x_wconf 91' lang='lat' dir='ltr'>Amrus</span> <span class='ocrx_word' id='word_1_74' title='bbox 528 1117 712 1201; x_wconf 86' lang='lat' dir='ltr'>Matthaei,</span> <span class='ocrx_word' id='word_1_75' title='bbox 729 1117 798 1184; x_wconf 79' lang='lat' dir='ltr'>loco</span> <span class='ocrx_word' id='word_1_76' title='bbox 812 1122 932 1200; x_wconf 78' lang='lat' dir='ltr'>citato,</span> <span class='ocrx_word' id='word_1_77' title='bbox 943 1117 1177 1187; x_wconf 79' lang='lat' dir='ltr'>consentiente</span> 
     </span>
    </p>

    <p class='ocr_par' dir='ltr' id='par_1_10' title="bbox 50 1225 1176 1314">
     <span class='ocr_line' id='line_1_11' title="bbox 50 1225 1176 1314; baseline -0.004 -20"><span class='ocrx_word' id='word_1_78' title='bbox 50 1227 189 1294; x_wconf 82' lang='lat' dir='ltr'>Severo</span> <span class='ocrx_word' id='word_1_79' title='bbox 211 1226 364 1295; x_wconf 84' lang='lat' dir='ltr'>Mueaffa</span> <span class='ocrx_word' id='word_1_80' title='bbox 389 1228 458 1292; x_wconf 84' lang='lat' dir='ltr'>loco</span> <span class='ocrx_word' id='word_1_81' title='bbox 484 1229 603 1307; x_wconf 79' lang='lat' dir='ltr'>citato,</span> <span class='ocrx_word' id='word_1_82' title='bbox 619 1233 753 1310; x_wconf 89' lang='lat' dir='ltr'>narrat,</span> <span class='ocrx_word' id='word_1_83' title='bbox 772 1226 1012 1314; x_wconf 84' lang='lat' dir='ltr'>imperatorem</span> <span class='ocrx_word' id='word_1_84' title='bbox 1029 1225 1176 1293; x_wconf 88' lang='lat' dir='ltr'>Marcia·</span> 
     </span>
    </p>

    <p class='ocr_par' dir='ltr' id='par_1_11' title="bbox 51 1331 1175 1425">
     <span class='ocr_line' id='line_1_12' title="bbox 51 1331 1175 1425; baseline -0.004 -24"><span class='ocrx_word' id='word_1_85' title='bbox 51 1357 151 1418; x_wconf 89' lang='lat' dir='ltr'>uum,</span> <span class='ocrx_word' id='word_1_86' title='bbox 173 1343 355 1425; x_wconf 85' lang='lat' dir='ltr'>postquam</span> <span class='ocrx_word' id='word_1_87' title='bbox 379 1342 496 1402; x_wconf 90' lang='lat' dir='ltr'>coetus</span> <span class='ocrx_word' id='word_1_88' title='bbox 522 1333 759 1423; x_wconf 90' lang='lat' dir='ltr'>episcoporum</span> <span class='ocrx_word' id='word_1_89' title='bbox 782 1331 1115 1421; x_wconf 86' lang='lat' dir='ltr'>Constantinopolim</span> <span class='ocrx_word' id='word_1_90' title='bbox 1138 1331 1175 1398; x_wconf 94' lang='lat' dir='ltr'>in</span> 
     </span>
    </p>

    <p class='ocr_par' dir='ltr' id='par_1_12' title="bbox 50 1437 1175 1529">
     <span class='ocr_line' id='line_1_13' title="bbox 50 1437 1175 1529; baseline -0.002 -21"><span class='ocrx_word' id='word_1_91' title='bbox 50 1441 229 1529; x_wconf 85' lang='lat' dir='ltr'>synodum</span> <span class='ocrx_word' id='word_1_92' title='bbox 252 1443 454 1511; x_wconf 89' lang='lat' dir='ltr'>convenerit</span> <span class='ocrx_word' id='word_1_93' title='bbox 476 1448 512 1510; x_wconf 92' lang='lat' dir='ltr'>et</span> <span class='ocrx_word' id='word_1_94' title='bbox 534 1441 646 1509; x_wconf 90' lang='lat' dir='ltr'>lectus</span> <span class='ocrx_word' id='word_1_95' title='bbox 670 1441 718 1508; x_wconf 93' lang='lat' dir='ltr'>sit</span> <span class='ocrx_word' id='word_1_96' title='bbox 743 1443 859 1508; x_wconf 78' lang='lat' dir='ltr'>Tomos</span> <span class='ocrx_word' id='word_1_97' title='bbox 889 1437 1000 1525; x_wconf 83' lang='lat' dir='ltr'>(idest</span> <span class='ocrx_word' id='word_1_98' title='bbox 1031 1438 1175 1508; x_wconf 90' lang='lat' dir='ltr'>celebris</span> 
     </span>
    </p>

    <p class='ocr_par' dir='ltr' id='par_1_13' title="bbox 42 1546 1175 1638">
     <span class='ocr_line' id='line_1_14' title="bbox 42 1546 1175 1638; baseline -0.001 -23"><span class='ocrx_word' id='word_1_99' title='bbox 42 1549 264 1638; x_wconf 85' lang='lat' dir='ltr'>·Dogmatica</span> <span class='ocrx_word' id='word_1_100' title='bbox 287 1549 513 1635; x_wconf 80' lang='lat' dir='ltr'>Constitutio)</span> <span class='ocrx_word' id='word_1_101' title='bbox 529 1549 655 1616; x_wconf 88' lang='lat' dir='ltr'>Leonis</span> <span class='ocrx_word' id='word_1_102' title='bbox 670 1547 815 1616; x_wconf 81' lang='lat' dir='ltr'>Romani</span> <span class='ocrx_word' id='word_1_103' title='bbox 839 1548 1026 1636; x_wconf 89' lang='lat' dir='ltr'>pontificis,</span> <span class='ocrx_word' id='word_1_104' title='bbox 1045 1546 1175 1615; x_wconf 87' lang='lat' dir='ltr'>dixisse</span> 
     </span>
    </p>

    <p class='ocr_par' dir='ltr' id='par_1_14' title="bbox 51 1645 1229 1750">
     <span class='ocr_line' id='line_1_15' title="bbox 51 1645 1229 1750; baseline 0.001 -30"><span class='ocrx_word' id='word_1_105' title='bbox 51 1655 144 1722; x_wconf 88' lang='lat' dir='ltr'>illis:</span> <span class='ocrx_word' id='word_1_106' title='bbox 175 1656 264 1723; x_wconf 68' lang='grc' dir='ltr'>«ΕΠ</span> <span class='ocrx_word' id='word_1_107' title='bbox 288 1657 530 1725; x_wconf 77' lang='lat' dir='ltr'>documentum</span> <span class='ocrx_word' id='word_1_108' title='bbox 554 1661 589 1722; x_wconf 93' lang='lat' dir='ltr'>et</span> <span class='ocrx_word' id='word_1_109' title='bbox 611 1656 696 1724; x_wconf 90' lang='lat' dir='ltr'>fides</span> <span class='ocrx_word' id='word_1_110' title='bbox 719 1655 868 1739; x_wconf 88' lang='lat' dir='ltr'>Leonis,</span> <span class='ocrx_word' id='word_1_111' title='bbox 895 1655 955 1746; x_wconf 90' lang='lat' dir='ltr'>qui</span> <span class='ocrx_word' id='word_1_112' title='bbox 988 1661 1041 1722; x_wconf 85' lang='lat' dir='ltr'>est</span> <span class='ocrx_word' id='word_1_113' title='bbox 1071 1655 1175 1722; x_wconf 88' lang='lat' dir='ltr'>Pater</span> <span class='ocrx_word' id='word_1_114' title='bbox 1208 1645 1229 1750; x_wconf 66' lang='grc' dir='ltr'><strong>Ῑ</strong></span> 
     </span>
    </p>

    <p class='ocr_par' dir='ltr' id='par_1_15' title="bbox 54 1761 1173 1854">
     <span class='ocr_line' id='line_1_16' title="bbox 54 1761 1173 1854; baseline 0.002 -26"><span class='ocrx_word' id='word_1_115' title='bbox 54 1788 70 1821; x_wconf 83' lang='lat' dir='ltr'>n</span> <span class='ocrx_word' id='word_1_116' title='bbox 89 1763 267 1831; x_wconf 84' lang='lat' dir='ltr'>maximus</span> <span class='ocrx_word' id='word_1_117' title='bbox 290 1763 382 1830; x_wconf 90' lang='lat' dir='ltr'>inter</span> <span class='ocrx_word' id='word_1_118' title='bbox 406 1786 512 1832; x_wconf 71' lang='lat' dir='ltr'>vos.»</span> <span class='ocrx_word' id='word_1_119' title='bbox 538 1763 633 1830; x_wconf 84' lang='lat' dir='ltr'>Hace</span> <span class='ocrx_word' id='word_1_120' title='bbox 650 1765 766 1847; x_wconf 90' lang='lat' dir='ltr'>verba,</span> <span class='ocrx_word' id='word_1_121' title='bbox 783 1785 988 1854; x_wconf 85' lang='lat' dir='ltr'>quamquam</span> <span class='ocrx_word' id='word_1_122' title='bbox 1005 1764 1047 1830; x_wconf 90' lang='lat' dir='ltr'>ab</span> <span class='ocrx_word' id='word_1_123' title='bbox 1068 1761 1173 1851; x_wconf 91' lang='lat' dir='ltr'>impe-</span> 
     </span>
    </p>

    <p class='ocr_par' dir='ltr' id='par_1_16' title="bbox 52 1871 1172 1959">
     <span class='ocr_line' id='line_1_17' title="bbox 52 1871 1172 1959; baseline 0 -23"><span class='ocrx_word' id='word_1_124' title='bbox 52 1877 173 1937; x_wconf 88' lang='lat' dir='ltr'>ratore</span> <span class='ocrx_word' id='word_1_125' title='bbox 198 1871 358 1938; x_wconf 82' lang='lat' dir='ltr'>feruntur</span> <span class='ocrx_word' id='word_1_126' title='bbox 383 1872 492 1939; x_wconf 87' lang='lat' dir='ltr'>fuisse</span> <span class='ocrx_word' id='word_1_127' title='bbox 515 1871 664 1959; x_wconf 89' lang='lat' dir='ltr'>prolata,</span> <span class='ocrx_word' id='word_1_128' title='bbox 690 1877 843 1939; x_wconf 88' lang='lat' dir='ltr'>attamen</span> <span class='ocrx_word' id='word_1_129' title='bbox 867 1895 887 1939; x_wconf 85' lang='lat' dir='ltr'>a</span> <span class='ocrx_word' id='word_1_130' title='bbox 909 1871 1074 1940; x_wconf 86' lang='lat' dir='ltr'>Patribus</span> <span class='ocrx_word' id='word_1_131' title='bbox 1096 1893 1172 1937; x_wconf 90' lang='lat' dir='ltr'>con·</span> 
     </span>
    </p>

    <p class='ocr_par' dir='ltr' id='par_1_17' title="bbox 53 1975 1172 2064">
     <span class='ocr_line' id='line_1_18' title="bbox 53 1975 1172 2064; baseline 0.002 -23"><span class='ocrx_word' id='word_1_132' title='bbox 53 1975 129 2042; x_wconf 92' lang='lat' dir='ltr'>cilii</span> <span class='ocrx_word' id='word_1_133' title='bbox 155 1977 332 2046; x_wconf 88' lang='lat' dir='ltr'>ratificata</span> <span class='ocrx_word' id='word_1_134' title='bbox 355 1979 464 2046; x_wconf 85' lang='lat' dir='ltr'>fuisse</span> <span class='ocrx_word' id='word_1_135' title='bbox 487 1979 633 2048; x_wconf 90' lang='lat' dir='ltr'>dicenda</span> <span class='ocrx_word' id='word_1_136' title='bbox 656 1986 751 2064; x_wconf 90' lang='lat' dir='ltr'>sunt,</span> <span class='ocrx_word' id='word_1_137' title='bbox 767 2002 844 2046; x_wconf 91' lang='lat' dir='ltr'>cum</span> <span class='ocrx_word' id='word_1_138' title='bbox 867 1977 1061 2046; x_wconf 87' lang='lat' dir='ltr'>nouaclum</span> <span class='ocrx_word' id='word_1_139' title='bbox 1076 1999 1172 2044; x_wconf 90' lang='lat' dir='ltr'>nemo</span> 
     </span>
    </p>

    <p class='ocr_par' dir='ltr' id='par_1_18' title="bbox 52 2083 1172 2175">
     <span class='ocr_line' id='line_1_19' title="bbox 52 2083 1172 2175; baseline 0.001 -26"><span class='ocrx_word' id='word_1_140' title='bbox 52 2104 92 2150; x_wconf 86' lang='lat' dir='ltr'>ex</span> <span class='ocrx_word' id='word_1_141' title='bbox 118 2084 178 2168; x_wconf 90' lang='lat' dir='ltr'>iis,</span> <span class='ocrx_word' id='word_1_142' title='bbox 198 2107 266 2152; x_wconf 93' lang='lat' dir='ltr'>non</span> <span class='ocrx_word' id='word_1_143' title='bbox 292 2085 446 2175; x_wconf 86' lang='lat' dir='ltr'>exceptis</span> <span class='ocrx_word' id='word_1_144' title='bbox 469 2087 554 2174; x_wconf 89' lang='lat' dir='ltr'>ipsis</span> <span class='ocrx_word' id='word_1_145' title='bbox 577 2085 790 2174; x_wconf 88' lang='lat' dir='ltr'>patriarchis</span> <span class='ocrx_word' id='word_1_146' title='bbox 813 2091 849 2154; x_wconf 91' lang='lat' dir='ltr'>et</span> <span class='ocrx_word' id='word_1_147' title='bbox 872 2085 1076 2175; x_wconf 89' lang='lat' dir='ltr'>praesertim</span> <span class='ocrx_word' id='word_1_148' title='bbox 1092 2083 1172 2150; x_wconf 92' lang='lat' dir='ltr'>Dio·</span> 
     </span>
    </p>

    <p class='ocr_par' dir='ltr' id='par_1_19' title="bbox 55 2193 1174 2282">
     <span class='ocr_line' id='line_1_20' title="bbox 55 2193 1174 2282; baseline 0.002 -24"><span class='ocrx_word' id='word_1_149' title='bbox 55 2214 155 2259; x_wconf 90' lang='lat' dir='ltr'>scoro</span> <span class='ocrx_word' id='word_1_150' title='bbox 178 2193 379 2280; x_wconf 89' lang='lat' dir='ltr'>patriarcha</span> <span class='ocrx_word' id='word_1_151' title='bbox 400 2193 650 2276; x_wconf 86' lang='lat' dir='ltr'>Alexandrino,</span> <span class='ocrx_word' id='word_1_152' title='bbox 670 2194 730 2282; x_wconf 91' lang='lat' dir='ltr'>qui</span> <span class='ocrx_word' id='word_1_153' title='bbox 753 2215 775 2259; x_wconf 90' lang='lat' dir='ltr'>a</span> <span class='ocrx_word' id='word_1_154' title='bbox 790 2194 903 2262; x_wconf 88' lang='lat' dir='ltr'>Leone</span> <span class='ocrx_word' id='word_1_155' title='bbox 919 2193 1104 2260; x_wconf 90' lang='lat' dir='ltr'>damnatus</span> <span class='ocrx_word' id='word_1_156' title='bbox 1121 2201 1174 2260; x_wconf 88' lang='lat' dir='ltr'>est</span> 
     </span>
    </p>

    <p class='ocr_par' dir='ltr' id='par_1_20' title="bbox 54 2299 1173 2390">
     <span class='ocr_line' id='line_1_21' title="bbox 54 2299 1173 2390; baseline 0.002 -24"><span class='ocrx_word' id='word_1_157' title='bbox 54 2305 88 2366; x_wconf 90' lang='lat' dir='ltr'>et</span> <span class='ocrx_word' id='word_1_158' title='bbox 110 2300 157 2365; x_wconf 90' lang='lat' dir='ltr'>ab</span> <span class='ocrx_word' id='word_1_159' title='bbox 182 2299 248 2365; x_wconf 90' lang='lat' dir='ltr'>illa</span> <span class='ocrx_word' id='word_1_160' title='bbox 269 2301 401 2388; x_wconf 90' lang='lat' dir='ltr'>synodo</span> <span class='ocrx_word' id='word_1_161' title='bbox 417 2302 621 2389; x_wconf 87' lang='lat' dir='ltr'>reprobatus</span> <span class='ocrx_word' id='word_1_162' title='bbox 638 2323 710 2369; x_wconf 89' lang='lat' dir='ltr'>esse</span> <span class='ocrx_word' id='word_1_163' title='bbox 727 2301 872 2386; x_wconf 89' lang='lat' dir='ltr'>dicitur,</span> <span class='ocrx_word' id='word_1_164' title='bbox 897 2302 1101 2390; x_wconf 88' lang='lat' dir='ltr'>imperatori</span> <span class='ocrx_word' id='word_1_165' title='bbox 1122 2301 1173 2368; x_wconf 86' lang='lat' dir='ltr'>ita</span> 
     </span>
    </p>

    <p class='ocr_par' dir='ltr' id='par_1_21' title="bbox 53 2404 1172 2499">
     <span class='ocr_line' id='line_1_22' title="bbox 53 2404 1172 2499; baseline 0.004 -30"><span class='ocrx_word' id='word_1_166' title='bbox 53 2404 213 2495; x_wconf 87' lang='lat' dir='ltr'>loquenti</span> <span class='ocrx_word' id='word_1_167' title='bbox 237 2405 499 2488; x_wconf 87' lang='lat' dir='ltr'>contradixerit,</span> <span class='ocrx_word' id='word_1_168' title='bbox 519 2406 578 2473; x_wconf 91' lang='lat' dir='ltr'>sed</span> <span class='ocrx_word' id='word_1_169' title='bbox 606 2429 720 2474; x_wconf 89' lang='lat' dir='ltr'>omnes</span> <span class='ocrx_word' id='word_1_170' title='bbox 745 2409 837 2475; x_wconf 81' lang='lat' dir='ltr'>facto</span> <span class='ocrx_word' id='word_1_171' title='bbox 857 2431 931 2491; x_wconf 90' lang='lat' dir='ltr'>suo,</span> <span class='ocrx_word' id='word_1_172' title='bbox 956 2430 1022 2499; x_wconf 92' lang='lat' dir='ltr'>quo</span> <span class='ocrx_word' id='word_1_173' title='bbox 1045 2407 1172 2474; x_wconf 88' lang='lat' dir='ltr'>Leonis</span> 
     </span>
    </p>

    <p class='ocr_par' dir='ltr' id='par_1_22' title="bbox 57 2511 1168 2706">
     <span class='ocr_line' id='line_1_23' title="bbox 57 2511 1167 2605; baseline 0.005 -29"><span class='ocrx_word' id='word_1_174' title='bbox 57 2512 153 2577; x_wconf 77' lang='lat' dir='ltr'>Tamo</span> <span class='ocrx_word' id='word_1_175' title='bbox 177 2511 276 2602; x_wconf 90' lang='lat' dir='ltr'>plene</span> <span class='ocrx_word' id='word_1_176' title='bbox 299 2512 543 2598; x_wconf 87' lang='lat' dir='ltr'>adhaeserunt,</span> <span class='ocrx_word' id='word_1_177' title='bbox 562 2515 638 2602; x_wconf 86' lang='lat' dir='ltr'>ejus</span> <span class='ocrx_word' id='word_1_178' title='bbox 663 2516 868 2583; x_wconf 84' lang='lat' dir='ltr'>sententiam</span> <span class='ocrx_word' id='word_1_179' title='bbox 887 2515 1167 2605; x_wconf 87' lang='lat' dir='ltr'>approbaverint.</span> 
     </span>
     <span class='ocr_line' id='line_1_24' title="bbox 119 2618 1168 2706; baseline 0.005 -22"><span class='ocrx_word' id='word_1_180' title='bbox 119 2618 206 2684; x_wconf 84' lang='lat' dir='ltr'>Cum</span> <span class='ocrx_word' id='word_1_181' title='bbox 230 2625 344 2686; x_wconf 89' lang='lat' dir='ltr'>autem</span> <span class='ocrx_word' id='word_1_182' title='bbox 369 2619 524 2706; x_wconf 85' lang='lat' dir='ltr'>synodus</span> <span class='ocrx_word' id='word_1_183' title='bbox 548 2618 794 2688; x_wconf 79' lang='lat' dir='ltr'>Chalcedonam</span> <span class='ocrx_word' id='word_1_184' title='bbox 819 2627 1007 2689; x_wconf 87' lang='lat' dir='ltr'>convocata</span> <span class='ocrx_word' id='word_1_185' title='bbox 1032 2621 1168 2705; x_wconf 83' lang='lat' dir='ltr'>fuisset,</span> 
     </span>
    </p>

    <p class='ocr_par' dir='ltr' id='par_1_23' title="bbox 55 2724 1170 2822">
     <span class='ocr_line' id='line_1_25' title="bbox 55 2724 1170 2822; baseline 0.003 -31"><span class='ocrx_word' id='word_1_186' title='bbox 55 2724 89 2791; x_wconf 93' lang='lat' dir='ltr'>in</span> <span class='ocrx_word' id='word_1_187' title='bbox 113 2726 192 2814; x_wconf 90' lang='lat' dir='ltr'>ipsa</span> <span class='ocrx_word' id='word_1_188' title='bbox 220 2725 345 2814; x_wconf 85' lang='lat' dir='ltr'>synodi</span> <span class='ocrx_word' id='word_1_189' title='bbox 368 2725 661 2822; x_wconf 84' lang='lat' dir='ltr'>inauguratione,</span> <span class='ocrx_word' id='word_1_190' title='bbox 688 2727 741 2793; x_wconf 88' lang='lat' dir='ltr'>ait</span> <span class='ocrx_word' id='word_1_191' title='bbox 762 2726 1003 2796; x_wconf 87' lang='lat' dir='ltr'>Barhebraeus</span> <span class='ocrx_word' id='word_1_192' title='bbox 1027 2727 1170 2814; x_wconf 84' lang='lat' dir='ltr'>histori-</span> 
     </span>
    </p>

    <p class='ocr_par' dir='ltr' id='par_1_24' title="bbox 55 2817 1255 2926">
     <span class='ocr_line' id='line_1_26' title="bbox 55 2817 1255 2926; baseline 0.003 -28"><span class='ocrx_word' id='word_1_193' title='bbox 55 2853 113 2900; x_wconf 88' lang='lat' dir='ltr'>cus</span> <span class='ocrx_word' id='word_1_194' title='bbox 122 2832 279 2922; x_wconf 87' lang='lat' dir='ltr'>jacobita</span> <span class='ocrx_word' id='word_1_195' title='bbox 292 2832 328 2898; x_wconf 92' lang='lat' dir='ltr'>in</span> <span class='ocrx_word' id='word_1_196' title='bbox 343 2831 513 2900; x_wconf 82' lang='lat' dir='ltr'>Chronico</span> <span class='ocrx_word' id='word_1_197' title='bbox 531 2833 594 2919; x_wconf 80' lang='lat'>(2):</span> <span class='ocrx_word' id='word_1_198' title='bbox 618 2862 633 2896; x_wconf 79' lang='lat' dir='ltr'>a</span> <span class='ocrx_word' id='word_1_199' title='bbox 655 2833 781 2902; x_wconf 88' lang='lat' dir='ltr'>Leonis</span> <span class='ocrx_word' id='word_1_200' title='bbox 797 2835 960 2918; x_wconf 73' lang='lat' dir='ltr'>(Romani</span> <span class='ocrx_word' id='word_1_201' title='bbox 978 2837 1171 2923; x_wconf 77' lang='lat' dir='ltr'>pontificia)</span> <span class='ocrx_word' id='word_1_202' title='bbox 1207 2817 1255 2926; x_wconf 67' lang='grc' dir='ltr'>ΓῘ</span> 
     </span>
    </p>

    <p class='ocr_par' dir='ltr' id='par_1_25' title="bbox 58 2940 1169 3030">
     <span class='ocr_line' id='line_1_27' title="bbox 58 2940 1169 3030; baseline 0.008 -29"><span class='ocrx_word' id='word_1_203' title='bbox 58 2967 72 3001; x_wconf 79' lang='lat' dir='ltr'><em>n</em></span> <span class='ocrx_word' id='word_1_204' title='bbox 90 2940 202 3030; x_wconf 85' lang='lat' dir='ltr'>legati</span> <span class='ocrx_word' id='word_1_205' title='bbox 226 2941 262 3006; x_wconf 94' lang='lat' dir='ltr'>in</span> <span class='ocrx_word' id='word_1_206' title='bbox 279 2941 388 3008; x_wconf 90' lang='lat' dir='ltr'>medio</span> <span class='ocrx_word' id='word_1_207' title='bbox 405 2945 578 3008; x_wconf 89' lang='lat' dir='ltr'>steterunt</span> <span class='ocrx_word' id='word_1_208' title='bbox 590 2949 626 3010; x_wconf 92' lang='lat' dir='ltr'>et</span> <span class='ocrx_word' id='word_1_209' title='bbox 638 2942 816 3011; x_wconf 90' lang='lat' dir='ltr'>dixerunt:</span> <span class='ocrx_word' id='word_1_210' title='bbox 832 2943 978 3012; x_wconf 85' lang='lat' dir='ltr'>Jussum</span> <span class='ocrx_word' id='word_1_211' title='bbox 993 2945 1169 3012; x_wconf 85' lang='lat' dir='ltr'>nobiscum</span> 
     </span>
    </p>

    <p class='ocr_par' dir='ltr' id='par_1_26' title="bbox 58 3048 1169 3141">
     <span class='ocr_line' id='line_1_28' title="bbox 58 3048 1169 3141; baseline 0 -27"><span class='ocrx_word' id='word_1_212' title='bbox 58 3075 72 3108; x_wconf 79' lang='lat' dir='ltr'>r</span> <span class='ocrx_word' id='word_1_213' title='bbox 90 3048 237 3116; x_wconf 87' lang='lat' dir='ltr'>ierimus</span> <span class='ocrx_word' id='word_1_214' title='bbox 262 3049 355 3116; x_wconf 91' lang='lat' dir='ltr'>beati</span> <span class='ocrx_word' id='word_1_215' title='bbox 370 3049 442 3116; x_wconf 87' lang='lat' dir='ltr'>viri</span> <span class='ocrx_word' id='word_1_216' title='bbox 462 3049 656 3138; x_wconf 89' lang='lat' dir='ltr'>apostolici,</span> <span class='ocrx_word' id='word_1_217' title='bbox 674 3051 787 3140; x_wconf 89' lang='lat' dir='ltr'>Papae</span> <span class='ocrx_word' id='word_1_218' title='bbox 800 3048 956 3134; x_wconf 84' lang='lat' dir='ltr'>Romani,</span> <span class='ocrx_word' id='word_1_219' title='bbox 970 3053 1032 3141; x_wconf 79' lang='lat' dir='ltr'>qui</span> <span class='ocrx_word' id='word_1_220' title='bbox 1051 3067 1099 3117; x_wconf 79' lang='lat' dir='ltr'>cst</span> <span class='ocrx_word' id='word_1_221' title='bbox 1117 3075 1169 3116; x_wconf 87' lang='lat' dir='ltr'>ea-</span> 
     </span>
    </p>

    <p class='ocr_par' dir='ltr' id='par_1_27' title="bbox 58 3157 1168 3246">
     <span class='ocr_line' id='line_1_29' title="bbox 58 3157 1168 3246; baseline 0.005 -29"><span class='ocrx_word' id='word_1_222' title='bbox 58 3183 72 3217; x_wconf 73' lang='grc'><strong>»</strong></span> <span class='ocrx_word' id='word_1_223' title='bbox 85 3171 153 3245; x_wconf 78' lang='lat' dir='ltr'>par</span> <span class='ocrx_word' id='word_1_224' title='bbox 184 3159 332 3221; x_wconf 78' lang='lat' dir='ltr'>omnium</span> <span class='ocrx_word' id='word_1_225' title='bbox 352 3157 579 3237; x_wconf 83' lang='lat' dir='ltr'>ecclesiaram,</span> <span class='ocrx_word' id='word_1_226' title='bbox 605 3163 646 3224; x_wconf 95' lang='lat' dir='ltr'>ut</span> <span class='ocrx_word' id='word_1_227' title='bbox 668 3158 856 3226; x_wconf 89' lang='lat' dir='ltr'>Dioscorus</span> <span class='ocrx_word' id='word_1_228' title='bbox 876 3159 912 3224; x_wconf 92' lang='lat' dir='ltr'>in</span> <span class='ocrx_word' id='word_1_229' title='bbox 937 3158 1077 3246; x_wconf 84' lang='lat' dir='ltr'>Synodo</span> <span class='ocrx_word' id='word_1_230' title='bbox 1101 3179 1168 3224; x_wconf 91' lang='lat' dir='ltr'>uon</span> 
     </span>
    </p>

    <p class='ocr_par' dir='ltr' id='par_1_28' title="bbox 60 3243 1253 3353">
     <span class='ocr_line' id='line_1_30' title="bbox 60 3243 1253 3353; baseline 0.002 -23"><span class='ocrx_word' id='word_1_231' title='bbox 60 3263 220 3332; x_wconf 81' lang='lat' dir='ltr'>rsadeat.</span> <span class='ocrx_word' id='word_1_232' title='bbox 245 3291 260 3324; x_wconf 82' lang='lat' dir='ltr'><em>n</em></span> <span class='ocrx_word' id='word_1_233' title='bbox 286 3263 333 3330; x_wconf 85' lang='lat' dir='ltr'>Et</span> <span class='ocrx_word' id='word_1_234' title='bbox 352 3269 429 3352; x_wconf 91' lang='lat' dir='ltr'>post</span> <span class='ocrx_word' id='word_1_235' title='bbox 457 3285 568 3352; x_wconf 90' lang='lat' dir='ltr'>pauca</span> <span class='ocrx_word' id='word_1_236' title='bbox 582 3264 645 3350; x_wconf 65' lang='lat' dir='ltr'>(3)ss</span> <span class='ocrx_word' id='word_1_237' title='bbox 667 3266 904 3333; x_wconf 70' lang='lat' dir='ltr'>«Adversarii</span> <span class='ocrx_word' id='word_1_238' title='bbox 928 3265 1004 3332; x_wconf 90' lang='lat' dir='ltr'>eius</span> <span class='ocrx_word' id='word_1_239' title='bbox 1023 3266 1169 3349; x_wconf 75' lang='lat' dir='ltr'>(scilicet</span> <span class='ocrx_word' id='word_1_240' title='bbox 1206 3243 1253 3353; x_wconf 58' lang='lat' dir='ltr'>U</span> 
     </span>
    </p>
   </div>
   <div class='ocr_carea' id='block_1_3' title="bbox 59 3369 1168 3462">
    <p class='ocr_par' dir='ltr' id='par_1_29' title="bbox 59 3369 1168 3462">
     <span class='ocr_line' id='line_1_31' title="bbox 59 3369 1168 3462; baseline 0.002 -24"><span class='ocrx_word' id='word_1_241' title='bbox 59 3371 263 3456; x_wconf 71' lang='lat' dir='ltr'>»Dioscori)</span> <span class='ocrx_word' id='word_1_242' title='bbox 288 3369 337 3456; x_wconf 88' lang='lat'>(4)</span> <span class='ocrx_word' id='word_1_243' title='bbox 361 3371 622 3461; x_wconf 90' lang='lat' dir='ltr'>responderunt,</span> <span class='ocrx_word' id='word_1_244' title='bbox 649 3395 738 3456; x_wconf 90' lang='lat' dir='ltr'>eum,</span> <span class='ocrx_word' id='word_1_245' title='bbox 758 3396 834 3442; x_wconf 90' lang='lat' dir='ltr'>cum</span> <span class='ocrx_word' id='word_1_246' title='bbox 855 3374 1038 3462; x_wconf 89' lang='lat' dir='ltr'>judicandi</span> <span class='ocrx_word' id='word_1_247' title='bbox 1058 3373 1168 3442; x_wconf 88' lang='lat' dir='ltr'>facul·</span> 
     </span>
    </p>
   </div>
   <div class='ocr_carea' id='block_1_4' title="bbox 58 3511 1168 4216">
    <p class='ocr_par' dir='ltr' id='par_1_30' title="bbox 58 3511 1168 3946">
     <span class='ocr_line' id='line_1_32' title="bbox 122 3511 1167 3587; baseline 0.008 -21"><span class='ocrx_word' id='word_1_248' title='bbox 122 3511 166 3587; x_wconf 90' lang='lat'>(1)</span> <span class='ocrx_word' id='word_1_249' title='bbox 184 3515 246 3567; x_wconf 81' lang='lat' dir='ltr'>Non</span> <span class='ocrx_word' id='word_1_250' title='bbox 267 3516 359 3569; x_wconf 89' lang='lat' dir='ltr'>omnia</span> <span class='ocrx_word' id='word_1_251' title='bbox 379 3531 448 3582; x_wconf 88' lang='lat' dir='ltr'>quae</span> <span class='ocrx_word' id='word_1_252' title='bbox 469 3518 499 3568; x_wconf 90' lang='lat' dir='ltr'>in</span> <span class='ocrx_word' id='word_1_253' title='bbox 516 3517 568 3570; x_wconf 87' lang='lat' dir='ltr'>hac</span> <span class='ocrx_word' id='word_1_254' title='bbox 580 3518 758 3584; x_wconf 81' lang='lat' dir='ltr'>paragrapho</span> <span class='ocrx_word' id='word_1_255' title='bbox 772 3533 805 3569; x_wconf 89' lang='lat' dir='ltr'>ex</span> <span class='ocrx_word' id='word_1_256' title='bbox 820 3518 1061 3585; x_wconf 83' lang='lat' dir='ltr'>historiographis</span> <span class='ocrx_word' id='word_1_257' title='bbox 1076 3522 1167 3574; x_wconf 91' lang='lat' dir='ltr'>orien-</span> 
     </span>
     <span class='ocr_line' id='line_1_33' title="bbox 59 3605 1168 3673; baseline 0.007 -17"><span class='ocrx_word' id='word_1_258' title='bbox 59 3605 161 3658; x_wconf 81' lang='lat' dir='ltr'>talibus</span> <span class='ocrx_word' id='word_1_259' title='bbox 178 3605 311 3673; x_wconf 84' lang='lat' dir='ltr'>citamus,</span> <span class='ocrx_word' id='word_1_260' title='bbox 334 3622 402 3660; x_wconf 87' lang='lat' dir='ltr'>vera</span> <span class='ocrx_word' id='word_1_261' title='bbox 425 3607 460 3659; x_wconf 84' lang='lat' dir='ltr'>ad</span> <span class='ocrx_word' id='word_1_262' title='bbox 480 3607 612 3660; x_wconf 88' lang='lat' dir='ltr'>amussim</span> <span class='ocrx_word' id='word_1_263' title='bbox 630 3611 659 3659; x_wconf 93' lang='lat' dir='ltr'>et</span> <span class='ocrx_word' id='word_1_264' title='bbox 677 3611 807 3661; x_wconf 84' lang='lat' dir='ltr'>accurata</span> <span class='ocrx_word' id='word_1_265' title='bbox 831 3624 890 3662; x_wconf 87' lang='lat' dir='ltr'>esse</span> <span class='ocrx_word' id='word_1_266' title='bbox 910 3609 1113 3666; x_wconf 84' lang='lat' dir='ltr'>contendimus.</span> <span class='ocrx_word' id='word_1_267' title='bbox 1134 3612 1168 3664; x_wconf 88' lang='lat' dir='ltr'>Id</span> 
     </span>
     <span class='ocr_line' id='line_1_34' title="bbox 58 3697 1167 3766; baseline 0.011 -21"><span class='ocrx_word' id='word_1_268' title='bbox 58 3699 145 3747; x_wconf 82' lang='lat' dir='ltr'>antem</span> <span class='ocrx_word' id='word_1_269' title='bbox 163 3711 219 3748; x_wconf 91' lang='lat' dir='ltr'>non</span> <span class='ocrx_word' id='word_1_270' title='bbox 240 3697 325 3749; x_wconf 83' lang='lat' dir='ltr'>officit</span> <span class='ocrx_word' id='word_1_271' title='bbox 342 3697 484 3764; x_wconf 90' lang='lat' dir='ltr'>principio</span> <span class='ocrx_word' id='word_1_272' title='bbox 502 3699 546 3750; x_wconf 86' lang='lat' dir='ltr'>cni</span> <span class='ocrx_word' id='word_1_273' title='bbox 572 3713 605 3750; x_wconf 87' lang='lat' dir='ltr'>aa</span> <span class='ocrx_word' id='word_1_274' title='bbox 629 3698 808 3764; x_wconf 87' lang='lat' dir='ltr'>innituntur,</span> <span class='ocrx_word' id='word_1_275' title='bbox 831 3698 957 3766; x_wconf 87' lang='lat' dir='ltr'>quodque</span> <span class='ocrx_word' id='word_1_276' title='bbox 977 3701 1167 3757; x_wconf 85' lang='lat' dir='ltr'>tantummodo</span> 
     </span>
     <span class='ocr_line' id='line_1_35' title="bbox 59 3783 1166 3858; baseline 0.009 -23"><span class='ocrx_word' id='word_1_277' title='bbox 59 3783 100 3836; x_wconf 90' lang='lat' dir='ltr'>hic</span> <span class='ocrx_word' id='word_1_278' title='bbox 116 3801 170 3838; x_wconf 88' lang='lat' dir='ltr'>nos</span> <span class='ocrx_word' id='word_1_279' title='bbox 191 3787 360 3852; x_wconf 85' lang='lat' dir='ltr'>quaerimus.</span> <span class='ocrx_word' id='word_1_280' title='bbox 381 3788 481 3853; x_wconf 86' lang='lat' dir='ltr'>Itaque</span> <span class='ocrx_word' id='word_1_281' title='bbox 502 3803 557 3840; x_wconf 90' lang='lat' dir='ltr'>non</span> <span class='ocrx_word' id='word_1_282' title='bbox 577 3785 610 3840; x_wconf 74' lang='lat' dir='ltr'>ea</span> <span class='ocrx_word' id='word_1_283' title='bbox 630 3788 720 3840; x_wconf 89' lang='lat' dir='ltr'>veluti</span> <span class='ocrx_word' id='word_1_284' title='bbox 739 3787 902 3841; x_wconf 86' lang='lat' dir='ltr'>documenta</span> <span class='ocrx_word' id='word_1_285' title='bbox 921 3789 1059 3843; x_wconf 88' lang='lat' dir='ltr'>historica</span> <span class='ocrx_word' id='word_1_286' title='bbox 1075 3791 1166 3858; x_wconf 81' lang='lat' dir='ltr'>proie-</span> 
     </span>
     <span class='ocr_line' id='line_1_36' title="bbox 59 3873 1164 3946; baseline 0.01 -24"><span class='ocrx_word' id='word_1_287' title='bbox 59 3873 151 3941; x_wconf 67' lang='lat' dir='ltr'>cimus,</span> <span class='ocrx_word' id='word_1_288' title='bbox 172 3874 221 3928; x_wconf 87' lang='lat' dir='ltr'>sed</span> <span class='ocrx_word' id='word_1_289' title='bbox 241 3879 273 3927; x_wconf 87' lang='lat' dir='ltr'>ut</span> <span class='ocrx_word' id='word_1_290' title='bbox 291 3877 455 3928; x_wconf 87' lang='lat' dir='ltr'>testimonia</span> <span class='ocrx_word' id='word_1_291' title='bbox 468 3877 611 3942; x_wconf 91' lang='lat' dir='ltr'>opinionis</span> <span class='ocrx_word' id='word_1_292' title='bbox 625 3877 739 3928; x_wconf 89' lang='lat' dir='ltr'>illorum</span> <span class='ocrx_word' id='word_1_293' title='bbox 753 3877 830 3930; x_wconf 84' lang='lat' dir='ltr'>inter</span> <span class='ocrx_word' id='word_1_294' title='bbox 844 3894 911 3946; x_wconf 87' lang='lat' dir='ltr'>quos</span> <span class='ocrx_word' id='word_1_295' title='bbox 925 3895 957 3932; x_wconf 91' lang='lat' dir='ltr'>ea</span> <span class='ocrx_word' id='word_1_296' title='bbox 971 3880 1077 3946; x_wconf 88' lang='lat' dir='ltr'>scripta</span> <span class='ocrx_word' id='word_1_297' title='bbox 1089 3885 1164 3933; x_wconf 85' lang='lat' dir='ltr'>sunt.</span> 
     </span>
    </p>

    <p class='ocr_par' dir='ltr' id='par_1_31' title="bbox 121 3960 739 4036">
     <span class='ocr_line' id='line_1_37' title="bbox 121 3960 739 4036; baseline 0.005 -21"><span class='ocrx_word' id='word_1_298' title='bbox 121 3960 165 4036; x_wconf 81' lang='lat'>(2)</span> <span class='ocrx_word' id='word_1_299' title='bbox 184 3963 250 4017; x_wconf 77' lang='lat' dir='ltr'>eod.</span> <span class='ocrx_word' id='word_1_300' title='bbox 263 3967 329 4018; x_wconf 79' lang='lat' dir='ltr'>Vct.</span> <span class='ocrx_word' id='word_1_301' title='bbox 345 3965 409 4030; x_wconf 83' lang='lat' dir='ltr'>Syr.</span> <span class='ocrx_word' id='word_1_302' title='bbox 424 3965 484 4018; x_wconf 88' lang='grc'><strong>166.</strong></span> <span class='ocrx_word' id='word_1_303' title='bbox 500 3982 564 4032; x_wconf 81' lang='lat' dir='ltr'>pag.</span> <span class='ocrx_word' id='word_1_304' title='bbox 580 3965 641 4018; x_wconf 76' lang='lat'><strong>263.</strong></span> <span class='ocrx_word' id='word_1_305' title='bbox 653 3981 739 4018; x_wconf 82' lang='lat' dir='ltr'>cereo.</span> 
     </span>
    </p>

    <p class='ocr_par' dir='ltr' id='par_1_32' title="bbox 122 4050 305 4126">
     <span class='ocr_line' id='line_1_38' title="bbox 122 4050 305 4126; baseline 0 -20"><span class='ocrx_word' id='word_1_306' title='bbox 122 4050 167 4126; x_wconf 79' lang='grc' dir='ltr'>(θ)</span> <span class='ocrx_word' id='word_1_307' title='bbox 186 4053 305 4108; x_wconf 89' lang='lat' dir='ltr'>Ibidem.</span> 
     </span>
    </p>

    <p class='ocr_par' dir='ltr' id='par_1_33' title="bbox 122 4139 872 4216">
     <span class='ocr_line' id='line_1_39' title="bbox 122 4139 872 4216; baseline 0.004 -21"><span class='ocrx_word' id='word_1_308' title='bbox 122 4139 164 4216; x_wconf 89' lang='grc'>(4)</span> <span class='ocrx_word' id='word_1_309' title='bbox 183 4144 258 4199; x_wconf 78' lang='lat' dir='ltr'>Nota</span> <span class='ocrx_word' id='word_1_310' title='bbox 277 4145 537 4213; x_wconf 80' lang='lat' dir='ltr'>historiographum</span> <span class='ocrx_word' id='word_1_311' title='bbox 557 4159 617 4198; x_wconf 84' lang='lat' dir='ltr'>esse</span> <span class='ocrx_word' id='word_1_312' title='bbox 636 4145 872 4212; x_wconf 84' lang='lat' dir='ltr'>monophysitam.</span> 
     </span>
    </p>
   </div>
   <div class='ocr_carea' id='block_1_5' title="bbox 0 0 1512 4672">
    <p class='ocr_par' dir='ltr' id='par_1_34' title="bbox 0 0 1512 4672">
     <span class='ocr_line' id='line_1_40' title="bbox 0 0 1512 4672; baseline 0 0"><span class='ocrx_word' id='word_1_313' title='bbox 0 0 1512 4672; x_wconf 95' lang='lat' dir='ltr'> </span> 
     </span>
    </p>
   </div>
  </div>
 </body>
</html>
