3006 4672
282 145 327 214 42
627 171 669 216 ur
692 171 772 216 sorr.
792 171 886 216 rosr.
907 171 1055 216 reuulso

288 305 302 340 o
322 280 550 370 nosmetipsos
565 279 802 352 laudabilibus
817 305 857 354 ao
869 284 1101 353 eminentibus
1112 284 1252 353 estibus
1266 284 1303 353 in
1314 306 1390 353 oom-

288 411 303 448 η
325 385 568 455 memoratione
576 389 824 478 Apostolorum
835 395 871 458 et
882 390 1074 475 dootorum,
1087 390 1149 482 qui
1164 390 1324 460 doctrina
1338 411 1393 460 sua

288 517 304 554 n
323 493 488 564 mundum
505 492 763 582 illuminarunt3
778 496 880 562 Petri
894 495 993 562 electi
1004 497 1248 586 Apostolorum
1264 499 1392 588 eapitis,

288 623 304 662 o
323 601 384 694 qui
407 601 533 670 Romae
555 604 733 692 complevit
755 627 852 669 suun
874 605 1148 686 ministerium»
1173 612 1241 674 eto.

352 707 512 778 Eoolesia
534 715 651 779 autem
675 709 825 799 Syriaos
855 710 997 780 eandem
1025 711 1212 780 veritatem
1235 711 1395 801 multipli-

287 815 375 886 eiter
396 821 434 886 et
456 815 650 886 innumeris
672 817 710 884 iu
732 817 820 886 loeis
842 823 1007 886 testetur.
1033 817 1076 885 In
1099 818 1210 888 offioio
1233 818 1396 910 apostolo·

130 923 256 999 m
287 947 365 994 rum
388 923 486 994 Petri
508 931 544 994 et
565 923 695 1010 Paulli,
721 924 758 992 in
780 925 811 992 Ι.
830 931 1001 994 nocturno
1024 925 1074 1012 (l)
1097 927 1205 995 osuit:
1231 925 1399 994 «(210τίίί-

290 1057 305 1094 o
324 1053 438 1102 oemus
453 1031 563 1102 Deum
580 1031 765 1120 majestate
787 1031 942 1120 plenum,
957 1033 1020 1124 qui
1034 1034 1080 1102 od
1096 1033 1325 1102 fortissimam
1339 1033 1400 1102 Ro·

290 1161 413 1208 ornam
438 1137 535 1208 misit
554 1138 680 1230 jugum
704 1138 957 1230 discipulorum
979 1139 1188 1225 illustrium,
1206 1139 1349 1210 Petrum
1370 1147 1403 1209 et

83 1235 258 1312 mm
290 1245 530 1316 »Paullumr
555 1245 604 1314 Et
626 1245 744 1336 paullo
760 1251 850 1335 post:
879 1275 896 1310 ι
910 1245 977 1314 Per
992 1245 1162 1316 Neronem
1186 1247 1333 1338 impium
1355 1269 1402 1316 oo·

291 1379 307 1418 o
326 1355 442 1424 ronati
460 1357 546 1423 suut
561 1359 742 1442 magnates
756 1351 1018 1442 Apostolorum,
1032 1353 1159 1421 Petrus
1174 1358 1211 1420 et
1225 1354 1403 1422 Paullus.»

288 1459 367 1530 Non
400 1457 537 1550 pigebit
568 1457 674 1528 etism
696 1457 935 1526 testimonium
965 1457 1122 1526 auotoris
1149 1457 1326 1546 jacobitae
1360 1482 1406 1527 se·

291 1565 364 1634 ouli
379 1565 491 1634 xssr.
510 1565 647 1634 nomine
656 1563 681 1632 J
682 1565 805 1634 oannis
819 1565 971 1654 episcopi
986 1564 1181 1634 ilerdensis
1194 1565 1333 1651 audire,
1348 1567 1406 1658 qui

292 1672 329 1741 iu
352 1695 415 1742 suo
437 1679 594 1744 traotstu
610 1673 652 1742 de
668 1671 877 1740 Obrimum
892 1679 1119 1757 sacramento,
1134 1673 1321 1764 disputans
1335 1696 1410 1742 oum

290 1779 521 1866 Nestoriauis,
548 1781 609 1872 qui
625 1777 877 1850 contendebant
892 1801 928 1848 se
943 1778 1069 1848 babere
1085 1781 1305 1865 fermentum,
1325 1781 1411 1872 ipsis
1500 1763 1501 1778 ¹

290 1885 334 1954 ab
356 1885 538 1980 Apostolis
559 1887 731 1956 traditum
754 1886 799 1954 sd
822 1885 1073 1956 oonfioiendum
1102 1909 1225 1977 penem
1248 1887 1412 1957 euchari·
1499 1903 1502 1987 J

132 2003 260 2078 ΜΝ
289 1993 439 2080 stioum,
465 1997 515 2066 sio
537 2017 595 2066 eos
624 1993 837 2086 perstringit
857 1993 921 2080 (2)ε
952 2023 969 2058 α
992 1994 1179 2064 Blaterant
1200 1995 1308 2064 etiam
1332 1997 1413 2082 (Ne
1499 2062 1500 2068 ,

290 2105 501 2191 nemrim),
520 2109 715 2174 asserentes
731 2104 940 2172 fermentum
963 2103 1055 2173 illud
1077 2105 1169 2195 quod
1192 2109 1315 2175 tenent
1339 2127 1414 2174 esse

290 2237 307 2274 a
325 2234 367 2281 ex
390 2209 638 2302 Apostolorum
661 2211 857 2295 Fermento,
877 2210 969 2301 quod
983 2232 1006 2277 a
1019 2210 1195 2297 Nestorio,
1220 2235 1300 2281 oum
1315 2237 1335 2282 e
1351 2234 1414 2281 sua

289 2345 306 2382 s
325 2317 404 2389 sede
427 2318 594 2410 expulsus
617 2318 700 2404 fuit,
726 2318 823 2386 furto
845 2323 987 2408 eaptum
1003 2323 1058 2386 est
1073 2325 1110 2386 et
1124 2319 1411 2388 absconditum...

290 2453 306 2488 n
325 2433 402 2496 tum
417 2426 462 2496 ad
478 2424 561 2495 illos
578 2423 739 2494 allatum.
759 2423 897 2507 Quibus
919 2425 1175 2515 respondemus,
1194 2426 1258 2494 boo
1273 2427 1312 2494 in
1328 2428 1415 2495 sori-

290 2559 306 2595 a
324 2533 441 2624 pturis
455 2555 522 2602 uon
538 2531 705 2616 inveniri,
720 2533 812 2620 quod
824 2532 987 2622 Apostoli
999 2555 1114 2602 seeum
1130 2534 1417 2604 oiroumtulerint

291 2666 307 2702 n
326 2625 447 2708 Oleum
456 2640 619 2726 (olto-om
634 2639 920 2709 Nestorionorom
929 2639 1111 2732 sobolom)
1125 2647 1161 2710 et
1174 2641 1413 2710 Fermentum.

291 2773 308 2810 o
326 2745 459 2816 Deinde
474 2747 622 2816 Romani
647 2745 729 2836 ipsi,
747 2746 840 2837 apud
864 2768 949 2838 quos
971 2747 1214 2836 Apostolorum
1235 2762 1417 2837 moqootes

292 2853 452 2922 „Petrus
475 2866 508 2920 et
529 2852 679 2921 Paullo·
701 2851 858 2936 fuerunt,
880 2859 917 2922 et
934 2853 1028 2942 apud
1051 2876 1138 2944 quos
1149 2857 1348 2943 (martyrio)
1364 2879 1415 2921 oo·

293 2987 310 3022 n
328 2961 447 3025 ronoti
469 2973 561 3042 saort,
578 2964 650 3028 ota
672 2958 801 3051 quibus
823 2959 972 3051 denique
996 2977 1192 3028 oooorotom
1214 2978 1417 3052 occeperunt

294 3066 522 3154 »Eoonqelii
543 3065 746 3148 doctrinam,
769 3086 894 3154 erymo
920 3071 1071 3136 utuntur
1094 3089 1194 3157 pane,
1212 3091 1279 3139 nou
1296 3073 1416 3138 eutem

294 3200 311 3236 a
329 3175 553 3245 fermentato.
570 3200 587 3238 n

358 3281 456 3350 Adeo
478 3285 691 3372 compertum
713 3286 791 3349 erat
813 3279 1096 3369 Syroobaldaeis,
1122 3283 1264 3350 Petrum
1284 3282 1416 3350 Romae

294 3388 415 3474 fuisse,
429 3389 480 3457 ibi
491 3387 683 3459 Eoolesiem
698 3387 841 3470 rexisse,
860 3385 977 3479 ibique
991 3409 1151 3456 eoronam
1162 3387 1331 3478 martyrii
1346 3412 1415 3458 me·

294 3497 419 3580 ruisse,
434 3501 476 3564 ut
490 3519 568 3564 oum
583 3495 668 3564 libri
682 3516 801 3562 eorum
819 3492 982 3582 liturgioi
998 3495 1073 3563 eius
1087 3494 1209 3564 leudes
1225 3495 1413 3579 eelebrent,

294 3605 424 3690 passim
448 3602 568 3672 dioant
589 3603 703 3692 ipsum
727 3601 854 3670 Romae
889 3601 1011 3686 fuisse,
1042 3609 1297 3692 memorentque
1329 3603 1415 3694 quid

215 3717 220 3726 '
294 3708 345 3775 ibi
368 3707 529 3797 gesserit,
554 3714 593 3777 at
614 3731 656 3776 ne
683 3708 788 3777 semel
819 3708 957 3799 quidem
989 3714 1167 3797 gestorum
1198 3710 1242 3776 ab
1273 3709 1349 3798 ipso
1378 3711 1415 3778 in

295 3815 379 3884 urbe
390 3814 581 3884 Antiochia
592 3816 789 3885 memorium
805 3815 950 3900 feoient,
968 3837 1030 3884 neo
1045 3815 1152 3884 etiam
1164 3814 1285 3884 dioaut
1300 3815 1416 3907 ipsum

365 4067 408 4143 (1)
426 4070 494 4124 cod.
513 4071 614 4123 LXIV.
635 4085 700 4136 pag.
716 4069 779 4121 135.

366 4157 409 4230 (2)
427 4159 494 4214 cod.
507 4161 607 4226 storf.
627 4175 693 4225 pag.
709 4159 761 4210 225
779 4173 866 4209 verro.
