3018 4672
558 193 721 238 arraunrx
739 194 764 236 1.
1159 163 1224 231 107

91 309 189 377 Hinc
207 309 366 378 videmus
377 308 618 376 Innocentium
630 307 687 374 HI
702 307 739 373 in
757 303 867 373 citata
883 301 1044 392 superius
1056 300 1154 368 bulla
1165 322 1225 390 pa-

91 416 276 484 triarchae
298 415 553 484 Maronitarum
584 413 722 481 nullum
750 412 842 480 sedis
865 408 1012 478 titulum
1036 409 1138 494 dare,
1164 408 1225 475 sed

92 521 307 612 simpliciter
331 523 591 590 Maronaecrnna
602 520 842 608 patriarcham
857 521 928 585 eice
937 519 1124 607 primatem
1146 535 1223 584 eum

91 629 284 718 appellare.
311 629 367 697 Ex
387 628 596 699 successivis
613 649 696 696 vero
708 626 872 695 Romanis
887 625 1125 715 pontificibus,
1140 626 1223 694 Ale·

91 736 231 804 xandro
246 736 311 821 IV,
330 737 491 826 Eugenio
507 735 571 820 IV,
597 735 742 805 Nicolao
758 735 804 820 V,
830 734 954 803 Paullo
969 734 1019 820 Π,
1044 737 1159 804 Leone
1175 736 1221 820 X,

91 841 272 913 Clemente
295 845 398 930 VIII,
424 844 550 912 Paullo
573 843 650 928 111,
678 843 802 911 Paullo
824 842 888 928 IV,
915 842 977 910 Pio
1001 842 1065 928 IV,
1093 843 1223 933 Grego-

90 949 148 1017 rio
172 952 276 1036 XIII,
302 950 477 1023 Clemente
500 953 565 1038 XI,
592 953 653 1045 qni
677 976 754 1022 cum
777 951 963 1021 Maronitis
991 951 1056 1020 hcc
1079 951 1136 1021 vel
1159 951 1223 1018 illo

92 1057 195 1126 modo
227 1062 400 1148 agendum
434 1062 653 1145 habuerunt,
683 1061 852 1130 neminem
887 1061 972 1130 novi
1009 1082 1126 1128 eorum
1160 1083 1219 1152 pa·

90 1165 274 1236 triarchae
305 1169 454 1237 titulum
478 1170 688 1236 Antiocheae⁸
717 1170 755 1235 in
778 1168 930 1259 publicis
954 1169 1044 1238 actis
1071 1167 1219 1237 dedisse.
1314 1242 1327 1266 η

91 1269 205 1342 Immo
228 1283 384 1360 constat,
409 1277 518 1346 Leoni
544 1279 590 1345 X.
619 1300 720 1345 anon
748 1277 941 1367 placuisse,
973 1278 1063 1368 quod
1087 1280 1222 1361 (orato-

94 1407 186 1450 »νει
208 1385 426 1471 Maronitas)
451 1386 608 1454 dicerent
638 1407 716 1452 eum
748 1384 859 1472 (idest
884 1383 1139 1453 Maronitarum
1163 1406 1221 1474 pa·

92 1519 110 1553 a
130 1490 347 1577 triarcharn)
379 1492 640 1558 Antiochenam.
669 1518 683 1552 a
710 1489 908 1579 (Raynald.
936 1489 982 1557 ad
1009 1516 1089 1560 ann.
1120 1497 1218 1558 1516.

91 1623 128 1664 n.
152 1597 244 1682 VI.).
271 1597 409 1666 Primus
438 1621 480 1666 ex
504 1597 648 1667 summis
671 1597 914 1682 Pontificibus,
935 1621 1035 1689 quem
1058 1599 1160 1668 video
1184 1599 1222 1665 in

92 1704 249 1793 publicis
265 1703 482 1774 documentis
505 1704 759 1774 Maronitarum
784 1705 1022 1796 patriarcham
1040 1707 1221 1773 Antioche·

92 1837 175 1877 num
198 1834 429 1902 nuncupasse,
448 1819 502 1882 est
524 1813 734 1883 Benedictus
758 1813 857 1883 XIV.

94 2021 202 2088 scripto
227 2005 424 2133 philistii
446 2024 671 2090 Marparitannn
688 2022 787 2086 Serica,
804 2038 873 2089 paq.
896 2027 947 2076 241
966 2031 992 2074 et
1009 2039 1076 2090 aeq,
1101 2025 1220 2079 Benedi-

92 2135 168 2185 ctum
188 2135 266 2189 XIV.
282 2137 359 2198 pont.
377 2149 450 2186 max.
463 2133 600 2201 judicium
620 2133 816 2187 telicentium
836 2147 896 2183 eum
913 2133 1073 2187 Maronitas
1093 2135 1221 2187 solerent

93 2241 110 2275 a
130 2223 238 2278 duobus
257 2225 425 2277 Maronitas
438 2225 577 2290 originem
596 2239 672 2277 suam
685 2227 822 2291 repetere,
847 2223 938 2276 altero
961 2225 1105 2289 monacho,
1129 2226 1220 2278 altero

15 2361 23 2372 ,
93 2314 270 2379 patriarcha,
293 2313 373 2380 qussi
393 2328 464 2366 unus
483 2329 540 2367 non
560 2313 705 2380 sufficeret,
727 2328 842 2380 cumque
861 2311 1031 2366 Benedictus
1056 2315 1133 2368 XIV.
1148 2315 1219 2368 utri·

93 2417 181 2470 usque
202 2404 286 2472 hujus
299 2405 425 2475 Maronis
439 2404 488 2458 sed
507 2406 684 2473 potissimum
704 2408 733 2458 et
746 2405 805 2458 fere
818 2405 951 2459 universe
974 2405 1089 2460 secundi
1109 2406 1222 2460 scilieet

91 2494 276 2561 patriarchae
297 2497 481 2549 sanctitatem
495 2497 550 2549 imo
562 2499 591 2548 et
605 2493 804 2548 orthodoxiam
817 2495 999 2560 cognosceret
1011 2513 1028 2548 a
1041 2497 1141 2549 multis
1156 2512 1219 2549 con·

92 2583 228 2648 troverti,
250 2583 281 2635 in
304 2585 428 2652 epistola
446 2601 533 2652 supra
552 2590 704 2640 memorata
722 2585 876 2638 conlata
896 2585 932 2638 ad
950 2587 984 2639 hi.
1000 2587 1119 2639 Larcari
1142 2586 1218 2653 data,

92 2673 200 2737 prioris
220 2672 333 2739 quidem
353 2676 478 2728 Maronis
499 2678 611 2730 scilicet
629 2677 962 2731 monachisanctitatem
981 2677 1169 2743 confirmarit,
1186 2676 1219 2731 da

92 2764 184 2814 altero
198 2767 301 2830 autem,
316 2765 481 2831 patriarcha
492 2767 620 2833 inquam,
633 2768 676 2820 nil
691 2771 815 2820 statuere
826 2765 957 2820 credidit.
971 2769 1070 2821 Nonne
1081 2767 1133 2820 hoc
1147 2770 1220 2824 satis

92 2851 214 2919 indicat,
230 2853 314 2921 hujus
333 2854 514 2920 patriarchae
535 2859 751 2912 sanctimoniam
770 2859 818 2912 illi
838 2859 1049 2924 spectatissimo
1068 2859 1219 2913 accuratis·

93 2940 220 3007 simoque
234 2943 363 3008 pontiflci
377 2950 547 3012 compertam
559 2962 615 3000 non
628 2948 732 3002 fuisse?
745 2948 822 3012 Quod
835 2948 926 3014 magis
940 2951 1060 3016 apparet
1073 2964 1107 3001 ex
1121 2952 1219 3001 tenore

92 3043 146 3093 quc
159 3030 331 3085 Benedictus
352 3032 385 3085 de
399 3033 451 3087 hoc
471 3037 635 3101 patriarcha
654 3038 791 3105 loquItur,
807 3053 866 3091 cnm
886 3038 1002 3104 referat,
1019 3039 1142 3092 maxima
1163 3037 1221 3105 qui·

92 3118 154 3171 dem
174 3120 341 3188 tolerantia,
364 3139 434 3190 qnae
454 3125 618 3180 libertatem
638 3126 784 3193 opinionis
804 3129 951 3195 supponit,
970 3127 1067 3181 doctos
1082 3129 1161 3180 viros
1175 3143 1219 3180 ar·

91 3207 197 3260 bitrari
224 3228 237 3255 a
258 3211 417 3264 Maronitas
441 3213 474 3265 de
493 3215 750 3268 Monotheleterum
775 3216 873 3269 schola
896 3215 1052 3284 prodiisse,
1075 3218 1219 3270 Maronem

91 3317 104 3343 n
121 3311 217 3349 eorum
236 3304 320 3365 caput
339 3301 483 3369 extitisse,
500 3303 645 3373 eidemque
659 3305 773 3358 haeresi
793 3304 969 3373 adhaesisse,
984 3327 996 3356 a
1012 3307 1219 3373 qaaestionem·

91 3401 144 3453 qne
158 3385 194 3438 de
208 3388 378 3443 orthodoxia
390 3392 511 3457 originis
525 3395 730 3449 Maronitarum
741 3396 898 3449 indecIsam
910 3397 1066 3463 reliuquat.
1087 3399 1156 3450 Post
1168 3398 1219 3449 Be·

91 3475 234 3530 nedIctum
254 3479 329 3533 XIV.
346 3483 441 3534 nescio
458 3498 494 3536 an
508 3499 629 3551 unquam
643 3485 729 3539 Sedes
741 3487 908 3554 AposthIoa
924 3503 1042 3540 examen
1053 3481 1220 3541 instituerit

91 3566 166 3618 circa
185 3568 313 3622 Maronis
332 3571 419 3636 primi
432 3573 636 3628 Maronitarum
655 3576 837 3643 patriarchae
851 3577 1044 3630 sanctitatem.
1060 3578 1131 3630 Nam
1145 3576 1219 3644 quod

91 3657 201 3710 attinet
223 3657 259 3710 ad
278 3659 459 3726 audientiae,
479 3665 689 3718 Kalendarian
708 3667 841 3720 Romae
832 3681 1019 3735 rmpreesum,
1042 3667 1163 3734 denique
1184 3665 1233 3720 ad
1268 3733 1270 3737 Ι

91 3743 233 3810 Esfiqies,
255 3746 290 3798 ad
320 3763 390 3815 quae
417 3751 511 3804 omnia
533 3754 745 3825 praelaudatus
764 3753 879 3810 Masaad
907 3757 967 3807 loco
994 3757 1045 3810 eit.
1066 3757 1217 3825 confugit,

90 3848 257 3899 responsum
276 3837 308 3888 in
327 3843 459 3906 promptu
478 3846 564 3894 esset.
985 3858 987 3862 '

161 3923 241 3976 Illud
254 3940 362 3992 quoqne
377 3932 614 3996 praetereundum
631 3950 687 3988 non
702 3938 755 4003 cst,
771 3937 890 4003 antiqua
904 3893 1111 4022 Maronitarum
1126 3951 1220 3990 monu-
1290 3950 1292 3954 ·

90 4015 492 4074 mentaunamtantnmmodc
513 4039 665 4088 agnoscere
686 4026 888 4095 Maronem,ut
902 4007 1216 4092 sueegentisPatrem,
1234 4091 1267 4101 Ι,
1336 4019 1343 4032 ”

90 4102 294 4173 coenobiique,
320 4122 354 4158 ex
376 4124 430 4175 qno
449 4111 514 4178 ipsa
532 4129 633 4168 nomen
654 4114 745 4183 ducit,
766 4120 933 4185 patronum,
955 4133 1073 4186 eumque
1094 4115 1217 4183 denique
1277 4123 1280 4130 “

95 4191 182 4248 simil
202 4195 399 4262 patriarcham
417 4198 624 4258 Antiochenam
643 4205 745 4260 iacere
822 4241 826 4248 -

855 4325 862 4354 Ι
