3006 4672
264 137 324 183 XIV
702 135 937 183 PROLEGOKENA

338 251 478 330 Deinde
504 249 542 329 id
567 253 669 354 patet
704 275 751 329 011
787 252 950 355 perfecta
988 248 1253 345 similitudine,
1287 274 1381 354 quae

266 377 405 484 passim
439 401 595 481 regnare
622 377 845 481 conspicitur
869 378 969 457 inter
995 378 1108 456 libros
1136 403 1159 454 a
1185 375 1381 456 Chaldaeis

268 503 451 581 adhibitos
480 505 517 580 00
541 502 624 580 illos
653 503 829 606 Syrorum
856 504 930 582 imo
957 504 1070 582 etiam
1088 503 1378 596 Maronitarum;

267 629 364 732 quod
399 628 714 708 evidentissimum
754 631 810 707 ost
849 633 1137 733 argumentum,
1169 629 1238 706 hos
1266 627 1382 704 hbros

268 757 355 832 ante
373 755 611 834 schismatum
628 759 809 859 tempora,
832 755 963 834 saltem
981 758 1021 834 in
1040 753 1240 834 summaria
1257 755 1377 856 parte,

262 882 345 984 jam
371 881 563 976 extitisse3
594 905 775 984 namque,
806 885 849 959 ut
874 881 1027 960 eruditis
1055 880 1283 984 compertum
1307 881 1379 975 est,

267 1007 308 1084 hi
334 1007 459 1110 populi
481 1009 677 1110 postquam
703 1032 768 1110 per
786 1007 986 1086 schismata
1003 1009 1050 1085 ab
1069 1004 1234 1084 Ecclesia
1252 1004 1384 1084 catho-

267 1133 340 1210 lica
368 1136 408 1210 et
433 1135 478 1210 ab
505 1132 664 1212 invicem
691 1157 731 1212 se
749 1134 1014 1239 separaverint,
1036 1135 1166 1211 mutuo
1193 1155 1273 1211 0000
1302 1129 1385 1208 odio

267 1260 322 1337 ita
339 1260 665 1362 prosequebantur,
688 1262 731 1338 ut
757 1259 984 1364 impossibile
1002 1260 1151 1338 omnino
1169 1259 1314 1352 luisset,
1335 1257 1384 1332 ut

271 1409 347 1463 una
365 1387 410 1463 ab
429 1386 546 1463 altera
559 1388 664 1462 secta
684 1385 820 1489 aliquid
838 1386 898 1464 vel
915 1386 1110 1464 minimum
1128 1386 1380 1462 mutuaretur.

271 1511 369 1588 Hinc
396 1515 453 1589 est
479 1513 575 1613 quod
609 1513 787 1615 quaedam
805 1511 1002 1608 novitates,
1027 1536 1119 1614 quas
1143 1511 1288 1588 constat
1321 1507 1385 1585 ali-

274 1660 385 1740 quam
415 1661 463 1716 ex
492 1635 538 1712 iis
567 1635 675 1714 000010
709 1635 749 1712 in
777 1661 920 1714 sacram
947 1636 1135 1740 liturgiam
1164 1635 1379 1730 induxisse,

271 1763 367 1866 apud
393 1766 534 1840 ceteras
569 1787 644 1840 non
679 1763 923 1865 reperiantur.
967 1762 1028 1842 Sic
1062 1763 1221 1868 exempli
1259 1763 1385 1864 gratia

275 1886 447 1965 Caaoaes
476 1887 564 1966 dicti
596 1887 750 1976 Graeci,
780 1913 873 1991 quos
901 1891 1046 1967 constat
1074 1890 1194 1968 seculo
1213 1887 1329 1966 VllI0.
1363 1914 1387 1963 a

236 2035 239 2041 ·
268 2013 914 2092 000011000100000101110000
942 2039 1034 2110 esse,
1061 2016 1158 2118 apud
1176 2015 1289 2116 Syros
1317 2039 1386 2092 scu

140 2219 143 2228 ,
267 2139 454 2216 Jacobitas
481 2139 627 2241 quidem
644 2163 714 2216 usu
731 2141 885 2242 perenni
912 2141 1050 2244 recepti
1076 2143 1178 2236 sunt,
1207 2142 1387 2220 aNesto-

140 2333 143 2338 ,
268 2263 382 2341 rianis
405 2267 528 2342 autem
553 2268 590 2343 00
616 2265 814 2344 Maronitis
841 2291 1074 2370 nequaquam
1101 2269 1384 2372 agnoscuntur3

269 2413 401 2466 cume
427 2393 556 2468 contra
584 2391 743 2494 Syriaci
765 2390 954 2480 Cacoaes,
983 2418 1075 2496 quos
1102 2395 1139 2470 et
1162 2391 1380 2470 Oricatotcs

270 2518 511 2618 nuncupant,
543 2517 639 2620 apud
672 2541 797 2594 omnes
824 2516 907 2595 illas
934 2521 1010 2595 tres
1038 2517 1205 2596 nationes
1233 2520 1385 2622 partem

271 2641 497 2718 constituant
523 2641 668 2719 divinae
694 2641 879 2746 liturgiae.

44 2833 75 2869 m
120 2756 258 2809 ΝΟΜ·
342 2765 445 2844 Libri
471 2769 595 2844 autem
622 2768 791 2845 canonici
819 2770 907 2844 sunt
938 2769 1076 2872 publici
1103 2769 1195 2848 iuris
1224 2769 1379 2865 codices,

270 2873 560 2994 uniuscujusque
599 2894 720 2970 sectae
764 2893 994 2972 continentes
1041 2897 1195 2996 paterna
1240 2897 1386 2973 statuta

271 3017 474 3120 agendique
513 3016 685 3121 regulas,
722 3017 856 3120 quibus
887 3018 951 3096 illa
987 3045 1052 3123 per
1087 3020 1288 3098 multorum
1325 3047 1385 3100 se-

270 3142 437 3220 culorum
463 3167 612 3222 cursum
639 3143 780 3222 directa
806 3146 862 3222 000
884 3146 922 3222 00
948 3145 1129 3248 usquead
1149 3144 1385 3250 hoctempns

269 3267 453 3372 dirigitur.

45 3395 257 3522 otoffiiffi·
341 3396 509 3498 Denique
531 3400 629 3498 quod
648 3398 790 3500 spectat
808 3397 853 3474 ad
870 3397 1047 3475 Doctores
1064 3397 1242 3502 privatos,
1262 3397 1384 3478 fateor

42 3523 134 3571 umm-
270 3545 330 3599 me
355 3521 396 3598 in
422 3522 493 3599 hoc
519 3523 653 3626 exiguo
679 3547 788 3625 opere
814 3547 903 3626 prae
930 3522 1119 3600 catholicis
1138 3523 1382 3627 scriptoribus

141 3679 144 3686 ¹
269 3646 586 3726 schismaticorum
621 3648 746 3750 potius
786 3651 977 3728 auctorum
1015 3649 1244 3727 testimonia·
1266 3652 1384 3730 vesti-

267 3773 402 3876 gasse,
434 3796 509 3849 non
537 3774 633 3874 quod
661 3772 830 3850 catholici
866 3774 1060 3876 scriptores
1101 3774 1307 3852 doctrinam
1334 3777 1382 3856 de

266 3898 371 3978 Petri
397 3897 551 3999 ejusque
577 3921 828 3975 successorum
858 3924 1030 4003 suprema
1057 3901 1276 3979 auctoritate
1303 3923 1381 3979 non

265 4022 493 4118 tradiderint,
518 4024 581 4103 sed
598 4024 696 4125 quod
724 4023 1051 4103 schismaticorum
1075 4025 1287 4104 testimonia
1304 4051 1380 4104 ma·

262 4148 326 4248 jus
351 4147 392 4225 in
418 4172 459 4225 10
485 4149 612 4228 nostra
638 4148 800 4226 habeant
825 4150 986 4253 pondus,
1020 4152 1147 4253 utpote
1172 4150 1313 4230 reddita
1339 4150 1381 4230 in
