3006 4672
158 1321 336 1426 Magnam
362 1321 494 1402 hahuit
511 1323 599 1405 olim
617 1325 657 1403 in
675 1323 833 1404 historia
850 1322 1100 1404 ecclesiastica
1120 1349 1200 1428 par·
1240 1303 1430 1390 Antiquitas

1214 1395 1326 1444 extensio
1343 1395 1428 1444 Eccle-

96 1448 163 1523 tem
189 1449 493 1549 Syrocholdar’co
519 1452 648 1546 natio,
685 1451 730 1527 de
767 1450 872 1529 cuius
908 1451 1078 1529 doctrina
1104 1450 1429 1570 circaggggeoee·

95 1570 135 1648 B.
154 1574 260 1652 Petri
272 1575 440 1680 'ejusque
467 1602 717 1657 successorum
742 1577 943 1680 primatum
964 1577 1005 1655 in
1022 1578 1093 1656 hoc
1110 1603 1202 1682 opu-

96 1698 187 1778 sculo
214 1703 410 1781 tractaturi
443 1729 582 1784 sumus.
622 1702 723 1782 Haec
750 1701 926 1783 Semitica
961 1699 1073 1811 gens,
1106 1729 1202 1807 quae

94 1825 191 1903 modo
220 1827 453 1921 Aromor'oo,
494 1832 601 1941 modo
628 1831 823 1932 Syriaca,
855 1831 962 1908 modo
995 1828 1203 1910 chaldaica

94 1946 321 2032 inveterum
348 1955 598 2035 monumentis
626 1956 764 2035 dicitur
792 1955 903 2062 (licet
925 1960 1113 2060 postrema
1140 1956 1204 2034 de·

95 2077 291 2157 nominatio
319 2083 470 2185 propria
496 2083 546 2160 sit
578 2082 747 2187 specialis
774 2083 1005 2187 propaginis,
1039 2087 1082 2160 ut
1108 2105 1204 2161 oom-

95 2205 209 2282 munis
235 2203 308 2284 fert
326 2208 519 2304 sententia,
542 2207 641 2289 illius
669 2208 971 2312 populosissimae
1004 2205 1197 2314 nationis),

97 2351 253 2433 quaeque
272 2333 472 2412 maximam
491 2335 635 2438 antiqui
654 2334 818 2414 Orientis
836 2340 979 2439 partem
1003 2334 1195 2430 incolebat,

97 2453 227 2534 scilicet
239 2458 465 2557 Phoenicen,
486 2460 645 2562 Syriam,
659 2463 978 2566 Mesopotamiam,
994 2463 1196 2565 Assyriam,

97 2579 321 2682 Chaldaeam
345 2590 384 2665 et
400 2587 589 2665 Persidem
610 2587 887 2682 occidentalem
906 2587 1009 2682 haec,
1032 2588 1197 2690 inquam,

97 2731 179 2808 gens
205 2711 303 2791 inter
329 2714 508 2818 antiquas
536 2715 705 2794 nationes
741 2738 817 2793 non
843 2715 1011 2793 infimum
1047 2713 1204 2816 occupat

97 2829 221 2934 locum,
253 2841 380 2942 utpote
406 2865 501 2942 quae
529 2842 666 2919 meruit
692 2844 736 2918 ut
763 2842 845 2944 ejus
873 2844 973 2919 terra
999 2840 1119 2945 prima
1144 2862 1204 2916 re·

97 2955 234 3063 igionis
252 2963 477 3046 christianae
506 2968 648 3046 semina
673 2966 864 3070 reciperet,
897 2968 1049 3070 ejusque
1077 2966 1205 3068 lingua

98 3079 238 3165 Domini
274 3091 394 3168 nostri
421 3092 444 3170 J
446 3116 510 3169 esu
542 3089 684 3170 Christi
714 3091 905 3196 ipsiusque
942 3089 1204 3194 discipulorum

98 3230 160 3290 usu
185 3214 400 3316 quotidiano
427 3218 731 3297 sanctificaretur.

160 3338 229 3418 Sed
255 3342 352 3442 quod
377 3342 552 3420 scientiae
578 3368 703 3422 sacrae
734 3342 934 3419 amicorum
962 3342 1203 3422 attentionem
1232 3371 1336 3419 uanas
1352 3381 1428 3428 qum

98 3463 137 3541 ad
160 3465 256 3546 hano
282 3471 431 3572 gentem
457 3469 618 3548 maxime
638 3466 806 3562 attrahit,
831 3471 888 3545 est
904 3493 1041 3572 magna
1058 3468 1202 3548 utilitas
1215 3434 1431 3556 ititihttatt

98 3613 183 3691 quae
208 3620 256 3674 ex
281 3595 397 3700 ipsius
424 3599 746 3675 monumentorum
763 3593 1048 3698 investigatione
1066 3559 1431 3682 theoloiiriifnm'w‘

99 3716 172 3818 gioa
197 3719 320 3798 studia
345 3720 554 3824 anquirunt.
578 3720 730 3798 Etenim
750 3719 1045 3822 Syrocholdar'cr'
1059 3719 1196 3824 popuH,

99 3843 160 3920 etsi
183 3846 268 3924 inde
296 3873 319 3925 a
343 3847 476 3952 primis
502 3846 680 3925 historiae
699 3845 923 3924 christianae
940 3845 1085 3942 seculis,
1105 3845 1204 3924 schi-

101 3972 266 4051 smatibus
294 3973 550 4076 intestinisque
577 3971 865 4050 dissensionibus
895 3970 1081 4074 religiosis
1107 3971 1205 4048 lace-

100 4095 175 4190 rati,
206 4101 252 4177 ah
276 4098 418 4178 unitate
441 4097 631 4178 Ecclesiae
653 4097 854 4175 cathohcae
872 4119 912 4174 se
931 4121 1102 4200 separare
1121 4119 1205 4174 coe-

100 4221 220 4322 perint,
253 4229 366 4330 atque
394 4225 447 4304 sic
469 4224 652 4329 paulatim
669 4223 709 4302 in
727 4228 886 4325 quatuor
902 4247 1058 4324 magnas
1084 4225 1204 4300 sectas
