3006 4672
307 183 352 254 20
710 205 751 248 ns
776 205 868 249 reru.
888 202 915 250 s.
930 201 1027 250 rnrsr

308 321 438 412 cepisse
460 317 659 387 immediata
692 339 714 385 a
737 315 877 386 Christo
907 321 1114 407 potestatem
1136 317 1274 408 ligandi
1297 341 1336 387 cc
1360 315 1422 385 sol·

308 429 424 513 vendi,
440 425 677 518 praedicandi,
693 431 760 494 etc.
788 426 855 494 Sed
875 425 980 515 juxta
1004 448 1153 519 eaquae
1177 428 1348 496 hactenus
1371 425 1423 494 dc·

308 536 600 619 monstravimus,
627 534 789 625 Apostoli
820 535 959 604 diverso
990 537 1087 604 modo
1117 557 1158 605 ac
1181 537 1308 606 Petrus
1337 535 1423 602 hanc

308 651 513 736 potestatem
529 649 747 733 acceperunt.
762 643 795 712 N
797 667 851 712 am
867 644 978 733 primo
994 643 1275 734 quidemPetrus
1291 644 1423 735 plenam

307 759 513 845 potestatem
546 751 700 841 accepit,
729 751 863 840 singuli
892 757 1008 819 autem
1038 751 1200 842 Apostoli
1229 751 1422 843 partialem.

307 861 440 929 Deinde
464 860 590 928 Petrus
617 859 655 926 in
679 859 844 926 exercitio
875 881 958 928 suae
988 861 1172 950 potestatis
1195 859 1328 929 nemini
1352 860 1424 926 sub·

309 969 493 1038 ordinatus
515 973 603 1051 erat,
621 967 784 1056 Apostoli
807 973 923 1035 autem
945 969 1049 1036 Petro
1072 973 1173 1036 erent
1195 966 1424 1036 subordinati.

308 1079 402 1147 Haec
426 1076 540 1146 omnia
562 1075 700 1168 liquent
722 1097 764 1144 ex
789 1077 947 1144 omnibus
970 1077 1180 1146 testimoniis
1212 1099 1301 1168 quaa
1324 1096 1426 1167 supra

308 1185 529 1256 adduximus.

377 1293 686 1376 8.⁰Advertamus‚
701 1291 791 1382 quod
815 1290 847 1358 si
869 1291 1037 1360 nonnulla
1061 1315 1102 1361 ex
1125 1291 1223 1361 Petri
1245 1292 1428 1362 attributis

310 1403 559 1492 Apostolorum
588 1401 702 1468 coetui
733 1400 769 1467 in
801 1401 972 1468 communi
1003 1401 1160 1470 videmus
1190 1401 1227 1469 in
1249 1401 1428 1492 liturgicis

310 1511 415 1579 libris
431 1507 716 1600 Syrochaldaicis
733 1508 857 1592 tribui,
879 1501 999 1576 nullus
1022 1513 1136 1578 tamon
1160 1533 1278 1579 eorum
1295 1516 1429 1600 praeter
1482 1599 1483 1602 Ἴ

311 1621 453 1686 Petrum
478 1616 710 1706 singulariter
733 1615 864 1684 dicitur
891 1617 1171 1708 «Apostolorum
1194 1626 1301 1708 caput
1318 1646 1349 1704 n,
1377 1617 1429 1686 vel

315 1755 331 1792 o
349 1724 527 1794 Ecclesiae
543 1725 834 1792 fundamentum»
857 1730 921 1793 aut
939 1754 954 1788 c
970 1725 1171 1795 aedificator
1183 1753 1214 1811 a,
1229 1727 1286 1796 vel
1307 1726 1427 1796 c'Ghri·
1482 1721 1483 1734 ¹

313 1835 360 1904 sti
377 1832 535 1902 interris
561 1832 715 1901 vicarius
733 1859 749 1894 n
769 1856 872 1900 sensu
889 1833 1059 1918 absoluto,
1074 1834 1131 1902 vel
1149 1864 1164 1898 u
1183 1835 1335 1903 fratrum
1357 1858 1429 1903 suo·

314 1967 389 2013 rum
405 1947 518 2012 rector
535 1949 570 2010 et
583 1942 796 2031 gubernator
808 1968 839 2008 n.
857 1941 906 2009 Et
921 1964 1044 2010 rcvcra
1057 1943 1183 2012 Petrus
1199 1948 1275 2010 arat
1292 1943 1332 2010 in
1343 1944 1429 2033 Apo·

314 2051 481 2120 stolorum
505 2057 616 2132 coetu,
635 2053 676 2116 ut
699 2055 805 2138 caput
821 2049 858 2116 in
875 2072 1016 2140 corpore
1033 2050 1180 2119 humano
1199 2047 1286 2137 (Χ)
1308 2052 1428 2134 Quem·

314 2157 497 2227 admodum
520 2162 635 2224 autem
668 2179 710 2225 er
741 2180 780 2225 eo
811 2157 901 2249 quod
931 2159 1099 2227 nonnulla
1130 2159 1256 2250 capitis
1289 2160 1430 2228 humani

315 2265 489 2335 attributa
513 2265 648 2333 soleant
670 2266 738 2333 toti
761 2267 908 2355 corpori,
931 2272 1072 2356 propter
1095 2268 1200 2336 unius
1224 2291 1300 2337 cum
1324 2269 1431 2336 altero

315 2371 544 2440 necessariam
557 2371 729 2456 unionem,
745 2372 869 2457 tribui,
884 2397 952 2441 non
966 2375 1190 2466 consequitur
1204 2397 1244 2444 ea
1260 2378 1431 2445 attributa

316 2479 534 2569 singulorum
557 2481 786 2548 membrorum
811 2503 884 2549 esse
908 2482 1062 2572 propria,
1082 2483 1132 2552 sic
1156 2483 1247 2552 ratic
1271 2506 1308 2552 se
1332 2483 1432 2551 habet

318 2609 393 2656 cum
410 2587 515 2656 Petro
531 2593 567 2656 et
581 2587 773 2678 Apostolis.

831 2911 863 2988 ἓ.
883 2903 917 2972 8.

408 3121 533 3191 Altera
557 3123 823 3188 testimoniorum
846 3123 949 3187 series
974 3143 1015 3187 ea
1029 3119 1149 3188 Libris
1165 3118 1351 3190 (lenonicia

642 3243 674 3296 et
692 3228 905 3319 Theclopicis
928 3227 1115 3318 desumpta.

387 3457 426 3526 Si
448 3453 731 3547 eloquentissima
753 3459 809 3522 est
830 3451 990 3522 Ecclesia
1010 3451 1285 3542 Syrcchaldaica
1308 3454 1346 3523 in
1370 3453 1435 3522 suis

320 3565 422 3633 libris
443 3563 623 3651 liturgicis
647 3585 723 3630 oum
751 3559 892 3630 divinas
921 3561 962 3629 B.
986 3560 1085 3628 Petri
1115 3561 1212 3630 dotes
1235 3561 1431 3652 praedicat,

321 3695 389 3740 non
412 3671 527 3739 minus
550 3669 732 3759 conspicue
756 3671 896 3738 eandem
913 3668 1097 3737 veritatem
1119 3669 1306 3760 profitetur
1327 3669 1366 3738 in
1389 3691 1434 3738 ce·

321 3779 409 3848 teris
425 3779 499 3847 suis
513 3777 726 3846 documentis
741 3777 1001 3847 ecclesiasticis.

389 3884 481 3953 Ante
505 3881 617 3951 omnia
640 3883 733 3952 circa
762 3891 922 3953 auctores
954 3904 1099 3976 quorum
1130 3883 1330 3953 testimonia
1361 3906 1432 3952 mox

323 3993 471 4063 allaturi
487 4015 617 4078 sumus,
632 3991 908 4061 animadvertere
924 3991 1041 4076 liceat,
1057 4014 1114 4060 eos
1129 3993 1202 4061 fere
1218 4015 1333 4061 omnes
1350 3991 1432 4062 schi-

325 4103 486 4170 smaticos
507 4123 593 4182 esse,
611 4099 825 4188 temporique
849 4122 916 4188 quo
940 4097 1192 4186 Syrochaldaei
1214 4099 1258 4166 ab
1280 4099 1432 4169 Ecclesia

327 4207 500 4277 catholica
513 4205 614 4275 scissi
630 4210 714 4272 sunt
725 4204 944 4293 posteriores;
958 4227 1026 4272 non
1043 4205 1133 4296 quod
1146 4206 1207 4297 qui
1217 4205 1311 4276 inter
1322 4205 1432 4278 Eccle-
