3006 4672
371 169 413 210 nx
437 167 869 222 nonusnurrssrnocnlno.
1131 148 1176 215 49

49 303 65 337 n
86 284 292 366 coeperunt,
310 302 329 346 e
345 280 419 347 suis
433 280 518 348 locis
534 279 590 350 vel
606 301 627 346 a
650 283 885 350 communione
901 282 1007 350 amoti
1023 283 1173 367 luerint,

50 413 65 446 n
86 386 260 454 credatur
277 409 351 455 esse
367 387 547 455 seiunctus
563 395 625 456 ant
640 409 661 454 a
677 381 910 456 communione
933 395 1174 478 segregatus.»

48 491 91 557 In
117 491 191 558 hac
213 492 362 582 epistola
385 494 494 561 inseri
515 495 599 562 fecit
614 496 770 584 pontifex
786 497 960 585 exemplar
976 496 1175 564 litterarum

49 599 92 664 ab
118 598 202 687 ipso
223 600 267 668 ad
290 601 490 669 Nestorium
507 603 708 685 'missarum
728 603 764 670 in
782 603 907 693 quibus
930 595 1022 672 inter
1038 603 1109 671 alia
1121 604 1176 673 sic

44 709 294 794 patriarcham
319 707 740 796 Constantinopolitcaam
770 712 980 800 perstringit
1003 712 1072 798 (l):
1089 739 1117 776 -c
1137 711 1175 779 Si
1206 711 1235 820 J

51 841 66 874 n
86 813 287 882 novitatem
311 814 399 884 han'c
413 838 502 904 quae
517 823 617 886 extra
633 817 733 886 fidem
750 825 814 902 est,
832 818 1077 907 perscriptum
1094 815 1174 886 reliss

50 949 66 982 n
86 922 195 1010 gioni
207 931 345 990 nostrae
357 947 547 1013 congruum
560 948 629 992 non
640 925 803 1014 rejeceris
817 947 857 994 ao
874 925 1112 1016 reprobaveris
1124 925 1176 993 in·

51 1055 66 1088 n
85 1038 151 1096 tra
176 1029 290 1098 decem
314 1030 398 1114 dies,
418 1055 439 1098 a
461 1033 517 1100 die
540 1055 607 1122 quo
625 1033 708 1100 haec
724 1033 979 1101 animadversio
992 1032 1038 1099 ad
1054 1038 1090 1099 te
1103 1055 1177 1120 per-

51 1163 66 1198 n
87 1137 234 1205 venerit
256 1139 490 1224 etmanifcste
505 1141 570 1208 tibi
586 1145 723 1209 ostensa
740 1140 861 1224 fuerit,
877 1161 916 1208 ac
932 1139 1177 1230 perscriptum

51 1271 67 1305 a
87 1268 163 1312 non
181 1244 461 1314 condemnaveris
477 1247 566 1314 hanc
591 1247 818 1316 damnabilem
843 1245 1023 1331 haeresim,
1043 1246 1179 1314 alienus

53 1378 68 1413 n
87 1375 128 1419 es
145 1353 192 1418 ab
208 1352 301 1419 omni
315 1351 492 1421 Ecclesiae
508 1353 700 1422 catholicae
716 1355 963 1422 communione.
980 1381 996 1414 n
1014 1355 1177 1423 Potestne

51 1459 185 1548 majori
209 1460 246 1528 vi
272 1481 402 1527 summa
424 1462 618 1529 auctoritas
640 1461 678 1528 in
700 1462 794 1550 ipsos
809 1462 986 1551 episcopos
1008 1469 1045 1530 et
1068 1461 1176 1551 patri·

51 1565 185 1634 archas
209 1566 403 1635 declarari?
426 1567 474 1634 Et
496 1574 612 1635 tamen
635 1567 719 1636 haec
735 1568 772 1635 in
788 1567 1003 1640 documentis
1018 1568 1179 1657 Syriacis

52 1673 298 1761 reperiuntur,
324 1696 386 1742 nec
409 1697 494 1763 opus
517 1681 571 1742 est
593 1674 790 1744 archivium
806 1675 984 1744 Ecclesiae
999 1676 1176 1748 Romanae

53 1781 244 1871 explorare
268 1779 312 1848 ad
335 1803 376 1850 ea
398 1782 619 1851 invenienda.

122 1890 319 1977 Pergamus
341 1890 546 1958 documenta
570 1891 696 1978 synodi
719 1891 916 1980 Ephesinae
939 1890 1174 1978 perlustrare,

55 1998 98 2064 ad
117 1995 295 2064 ulteriora
307 2019 369 2085 pro
385 2019 422 2065 re
433 2004 553 2064 nostra
565 2003 770 2085 argumenta
782 1996 1043 2086 investiganda.
1065 1995 1176 2062 «Cum
1210 1952 1251 2059 *l

54 2127 134 2173 eum
161 2101 265 2192 (idest
286 2104 501 2189 Nestorium)
514 2131 544 2188 n,
569 2105 624 2172 ait
645 2109 767 2172 sancta
790 2103 954 2193 Synodns
974 2103 1012 2170 in
1036 2104 1178 2172 ferenda

56 2217 183 2278 contra
206 2211 298 2278 hunc
321 2209 598 2279 haeresiarcham
623 2211 795 2279 sententia
816 2211 880 2299 (2),
904 2211 1015 2278 «Cum
1030 2210 1176 2278 eumde-

59 2345 73 2378 n
92 2316 251 2386 teximus
263 2323 337 2384 tum
351 2341 393 2385 ex
411 2317 488 2405 ejus
503 2317 675 2406 epistolis,
693 2323 768 2385 tum
784 2339 825 2384 ex
842 2316 919 2405 ejus
935 2317 1076 2407 scriptis
1088 2337 1177 2408 quae

58 2447 214 2494 »coram
237 2427 336 2494 nobis
362 2448 472 2514 nuper
494 2425 586 2494 lecta
606 2431 701 2510 sunt,
716 2432 790 2492 tum
804 2425 953 2515 deniqne
973 2447 1015 2494 ex
1031 2425 1076 2492 iis
1092 2445 1179 2516 quae

59 2554 189 2600 »nunc
212 2532 257 2599 ab
279 2531 341 2599 illo
365 2538 448 2600 sunt
470 2532 565 2600 dicta
587 2531 624 2599 in
641 2533 711 2600 iata
734 2531 926 2620 metropoli,
952 2530 1042 2600 unde
1061 2533 1178 2599 convi-

59 2647 177 2708 nctus
199 2648 255 2708 est
277 2639 382 2728 impie
404 2643 482 2708 ehm
505 2639 635 2708 sentire
658 2647 693 2708 et
717 2639 927 2728 praedicare,
946 2661 968 2705 a
990 2639 1180 2707 canonibus

61 2747 293 2817 »necessario
317 2746 486 2837 compulsi
509 2754 545 2814 et
568 2768 589 2812 a
612 2748 741 2813 litteris
761 2748 969 2812 sanctissimi
986 2747 1107 2813 Patris
1122 2771 1179 2812 ao·

60 2883 76 2916 n
95 2857 166 2920 stri
189 2869 221 2919 et
237 2855 461 2919 comministri
484 2856 596 2919 nostri
619 2853 807 2927 Caelestini
831 2855 981 2941 episcopi
1003 2851 1182 2918 Ecclesiae

62 2990 76 3025 n
95 2963 339 3044 Romanorum,
357 2983 519 3050 persaepe
535 2961 783 3050 lacrymantes,
805 2960 849 3028 ad
878 2959 967 3028 hanc
997 2960 1180 3049 lugubrem

61 3099 75 3132 n
96 3069 309 3138 sententiam
325 3069 538 3155 devenimus;
559 3074 660 3137 nete.
679 3068 720 3134 In
737 3067 886 3156 epistola
901 3067 1059 3158 denique,
1079 3087 1181 3156 quam

60 3177 257 3246 Caelestino
270 3199 378 3265 papae
391 3177 609 3265 scripserunt
627 3176 750 3243 Patres
768 3174 909 3263 synodi,
928 3174 981 3241 ita
999 3195 1079 3240 eum
1096 3172 1179 3240 allo·

61 3286 136 3353 cuti
159 3282 318 3369 sunt(3):
342 3285 545 3352 «Sanctitas
556 3305 639 3372 ergo
653 3297 713 3348 tac
725 3281 881 3349 decanus
893 3281 986 3349 circa
997 3280 1082 3348 haec
1094 3298 1181 3369 quae
1221 3275 1267 3369 Π

64 3419 78 3452 n
97 3397 182 3460 acta
198 3397 293 3459 sunt.
313 3391 457 3460 sienim
473 3391 570 3459 locus
587 3391 691 3459 datur
705 3386 780 3457 illis
795 3389 856 3480 qui
872 3385 976 3456 etiam
993 3385 1090 3454 sedes
1107 3383 1181 3455 suis

65 3526 79 3560 n
97 3497 264 3589 (sedibus)
287 3499 433 3568 maiores
448 3498 582 3587 injuria
598 3485 737 3568 afficere
748 3503 932 3588 quaerunt,
949 3501 985 3563 et
1001 3498 1122 3564 contra
1139 3493 1181 3561 il-

64 3633 79 3667 »
96 3607 154 3673 los
167 3607 300 3698 inques
313 3604 854 3686 nullamauctoritatemhabent,
870 3603 921 3672 sic
937 3601 1074 3690 judicia
1085 3622 1181 3691 prae·

66 3740 80 3774 r
97 3723 156 3782 ter
171 3733 316 3781 canones
346 3719 383 3781 et
397 3712 493 3802 leges
510 3713 629 3781 ferunt
641 3712 733 3780 idest
750 3709 929 3800 injuriam,
946 3731 1024 3779 oum
1041 3713 1182 3798 propter

133 3983 179 4058 (1)
196 3986 315 4040 Ibidem.

134 4073 179 4149 (2)
197 4076 316 4130 Ibidem.

134 4162 178 4238 (3)
197 4166 316 4219 Ibidem.
