3018 4672
533 187 696 230 1111111111
712 187 750 232 11.
1133 164 1198 232 121

73 298 170 366 tales
194 299 316 389 populi
338 321 476 369 suorum
497 305 674 388 pastorum
690 304 792 382 nutu,
814 320 1027 389 quocumque
1045 299 1072 366 ii
1089 299 1201 370 velint

71 405 161 473 illos
185 405 323 491 ducere,
343 406 509 475 facillime
532 408 733 492 trahantur,
752 405 1035 498 quemadmodum
1051 405 1200 476 historia

72 513 234 582 omnium
258 518 450 602 temporum
473 518 637 583 testatur.

145 622 180 689 8.
208 621 270 692 Nil
293 621 404 690 dicam
427 623 631 691 deuotione
654 644 756 714 quam
779 622 884 691 multi
899 646 946 692 ex
961 622 1200 692 Orientalibus

72 728 212 796 habent
235 730 275 798 de
294 731 460 798 Romanis
481 731 715 819 pontificibus,
742 753 827 822 quos
850 735 1036 800 autumant
1057 755 1117 820 per
1140 753 1198 821 pa·

71 835 193 924 palem
218 836 427 925 dignitatem
447 838 746 927 supernaturalem
770 837 951 928 quamdam
967 837 1115 928 adipisci
1130 861 1199 907 ma·

72 943 322 1031 gnitudinem,
348 967 436 1036 quae
458 945 688 1015 humanitatis
711 946 878 1036 potiorem
901 950 1033 1036 partem
1060 954 1201 1037 superat

71 1057 113 1118 11
142 1051 246 1142 quasi
268 1053 458 1122 absorbeat.
486 1053 564 1124 Non
594 1055 720 1123 desunt
747 1053 838 1122 enim
866 1053 958 1122 inter
981 1053 1113 1142 vulgus
1140 1076 1200 1122 no-

73 1163 197 1226 strum
213 1159 389 1228 fabulosae
412 1161 631 1230 narrationes
653 1160 747 1230 circa
770 1161 926 1250 Popotcs
950 1161 1097 1228 Romooo'
1122 1185 1198 1252 por·

72 1271 220 1334 tentosa
245 1267 416 1357 prodigia.

148 1373 183 1444 9.
209 1374 292 1442 Post
314 1374 399 1443 haec
422 1375 547 1461 omnia,
566 1375 643 1466 ipsa
666 1398 740 1444 sese
756 1382 877 1466 sponte
900 1377 1004 1445 offert
1025 1378 1200 1467 responsio

75 1483 165 1552 huic
190 1485 386 1574 quaestioni
407 1485 532 1565 danda:
552 1485 678 1565 Quibus
696 1486 806 1550 ocimi
821 1485 1103 1573 dispositionibus
1120 1489 1201 1576 Syri

75 1606 111 1655 ct
130 1590 302 1658 Chaldaei
318 1593 482 1662 catholici
497 1597 685 1683 suscepturi
709 1595 780 1659 sint
803 1592 1032 1683 definitionem
1057 1597 1200 1684 infalli-

76 1698 628 1789 111111111111111·11111111
658 1701 831 1770 Nimirum
854 1703 970 1770 eodem
994 1703 1107 1771 animo
1134 1727 1201 1796 quo

75 1805 255 1894 primatus
278 1806 389 1895 ipsius
405 1807 636 1876 Romanorum
658 1809 871 1898 pontificum,
891 1810 1114 1883 auctoritatis
1136 1811 1200 1880 Ec-

78 1914 235 2000 clesiae,
273 1914 408 2003 jurium
445 1938 485 1986 ac
523 1915 709 1984 officiorum
746 1917 985 2007 episcopatus,
1022 1915 1201 1987 Ecclesiae

77 2021 258 2089 Romanae
289 2027 483 2092 ceterarum
514 2022 862 2114 praerogativarum,
900 2023 1117 2114 omniumque
1144 2047 1202 2092 vc·

79 2129 234 2197 ritatum
265 2129 507 2214 definitiones,
534 2151 622 2220 quas
644 2129 836 2198 Concilium
863 2130 1073 2200 Vaticanum
1103 2133 1203 2200 edere

78 2235 283 2324 crediderit,
310 2237 447 2306 scilicet
468 2259 537 2305 non
561 2237 698 2329 quidem
715 2243 757 2306 nt
772 2237 942 2308 veritates
967 2245 1122 2309 recenter
1146 2241 1202 2309 dc·

78 2343 205 2411 finitas
229 2365 289 2411 seu
304 2350 345 2412 ut
359 2365 450 2415 nova
473 2345 646 2434 dogmata,
666 2367 788 2415 verum
811 2350 853 2412 nt
876 2345 1113 2414 doctrinarum
1129 2345 1202 2435 jam

79 2453 127 2519 ab
136 2451 295 2520 Ecclesia
307 2452 480 2521 catholica
492 2453 702 2522 creditarum
716 2453 1003 2522 confirmationes.
1018 2455 1095 2524 Non
1111 2455 1202 2522 enim

79 2559 156 2625 alia
172 2559 307 2628 ratione
323 2581 408 2649 erga
423 2559 570 2628 Romani
582 2559 764 2628 Pontificis
779 2559 1082 2646 infallibilitatem,
1101 2583 1203 2653 quam

80 2669 157 2736 fere
182 2668 371 2757 aprimatu
392 2689 460 2737 non
484 2668 719 2758 distinguunt,
738 2667 934 2738 Orientales
957 2670 1069 2738 nostri
1093 2693 1129 2739 11
1145 2692 1203 2760 ge·

80 2797 161 2844 rere
185 2775 347 2844 credendi
370 2781 465 2862 sunt,
491 2798 531 2845 ac
555 2799 639 2864 erga
661 2775 727 2844 Dei
751 2776 984 2862 existentiam,
1003 2777 1201 2863 essentiam,

81 2883 271 2969 attributa,
290 2887 490 2974 ceterasque
513 2883 715 2972 hujusmodi
738 2885 923 2972 primarias
945 2885 1128 2974 religionis
1150 2909 1205 2956 va·

80 2991 223 3074 ritates,
249 3013 336 3082 quac
358 2990 431 3079 jam
455 3013 475 3058 a
498 2991 651 3060 Concilio
674 2991 847 3060 Vaticano
870 2993 1033 3062 definitae
1056 3000 1149 3063 11111.

152 3097 207 3164 lo.
234 3097 400 3188 Superest
422 3121 513 3167 nunc
529 3103 570 3166 ut
586 3097 778 3182 videamus,
805 3099 971 3189 quomodo
994 3101 1204 3166 schismatici

83 3205 172 3293 Syri
183 3210 219 3273 11
230 3204 397 3274 Chaldaei
409 3205 520 3296 quoad
537 3205 626 3273 hanc
643 3205 841 3295 pontificiae
857 3206 1129 3274 infallibilitatis
1147 3207 1203 3275 de·

82 3313 276 3382 finitionem
288 3335 324 3382 se
337 3313 526 3382 habebunt.
546 3313 652 3380 Porro
668 3335 758 3397 oum,
776 3319 818 3382 ut
833 3313 987 3383 vidimus
1001 3315 1199 3404 supran4.

84 3420 262 3490 Catholici
284 3421 396 3490 nostri
428 3421 465 3488 in
497 3420 794 3511 disputationibus
827 3421 901 3490 suis
929 3443 1006 3489 cum
1029 3421 1201 3491 Schisma·
1307 3451 1312 3460 ·

84 3531 171 3598 tiois
202 3529 498 3598 infallibilitatem
523 3553 543 3596 a
565 3529 720 3619 primatu
751 3535 792 3597 ut
821 3530 909 3598 duas
939 3551 995 3598 res
1025 3537 1203 3621 separatas

85 3636 182 3705 haud
205 3636 448 3726 distinguant,
474 3637 534 3706 sed
557 3643 598 3704 ut
628 3658 732 3704 unam
761 3635 980 3727 eamdemque
1007 3657 1080 3706 rem
1107 3636 1202 3706 exhi·

86 3746 212 3829 beant,
238 3745 290 3812 nil
313 3746 439 3814 mirum
467 3750 521 3814 est
543 3745 575 3812 si
606 3745 676 3835 ipsi
703 3744 808 3813 etiam
839 3743 1061 3834 Schismatici
1083 3744 1204 3814 huius·

87 3851 181 3919 modi
198 3851 456 3924 distinctionem
473 3875 540 3921 non
557 3852 701 3936 faciant,
721 3851 772 3918 ita
788 3855 828 3919 ut
844 3850 1032 3940 primatum
1048 3853 1205 3941 negando

86 3958 380 4028 infallibilitatem
395 3959 506 4049 ipsam
528 3965 667 4049 negent,
686 3962 722 4027 et
738 3957 1030 4028 infallibilitatem
1046 3959 1204 4029 reiicien-

88 4067 131 4134 do
163 4065 352 4156 primatum
383 4065 497 4155 ipsum
530 4069 736 4136 censeantur
768 4063 923 4134 reiicerc.
956 4065 1055 4133 Unde
1081 4070 1202 4155 patet,

89 4172 337 4244 Schismatioos
360 4178 509 4260 nostros,
535 4173 638 4244 semel
662 4171 811 4243 admisso
834 4173 1006 4243 Romanae
1028 4171 1204 4244 Ecclesiae
