<?xml version="1.0" encoding="UTF-8"?>
<!DOCTYPE html PUBLIC "-//W3C//DTD XHTML 1.0 Transitional//EN"
    "http://www.w3.org/TR/xhtml1/DTD/xhtml1-transitional.dtd">
<html xmlns="http://www.w3.org/1999/xhtml" xml:lang="en" lang="en">
 <head>
  <title>
</title>
<meta http-equiv="Content-Type" content="text/html;charset=utf-8" />
  <meta name='ocr-system' content='tesseract 3.04.00' />
  <meta name='ocr-capabilities' content='ocr_page ocr_carea ocr_par ocr_line ocrx_word'/>
</head>
<body>
  <div class='ocr_page' id='page_1' title='image "./antiquaecclesis00davigoog_0064.png"; bbox 0 0 3006 4672; ppageno 0'>
   <div class='ocr_carea' id='block_1_1' title="bbox 435 391 840 462">
    <p class='ocr_par' dir='ltr' id='par_1_1' title="bbox 435 391 840 462">
     <span class='ocr_line' id='line_1_1' title="bbox 435 391 840 462; baseline -0.005 0"><span class='ocrx_word' id='word_1_1' title='bbox 435 391 734 462; x_wconf 80' lang='lat' dir='ltr'><strong>ARTIGULUS</strong></span> <span class='ocrx_word' id='word_1_2' title='bbox 762 393 840 460; x_wconf 85' lang='grc' dir='ltr'><strong>ΙΙΙ.</strong></span> 
     </span>
    </p>
   </div>
   <div class='ocr_carea' id='block_1_2' title="bbox 188 617 1085 774">
    <p class='ocr_par' dir='ltr' id='par_1_2' title="bbox 188 617 1085 774">
     <span class='ocr_line' id='line_1_2' title="bbox 188 617 1085 680; baseline 0.001 -20"><span class='ocrx_word' id='word_1_3' title='bbox 188 617 230 662; x_wconf 81' lang='lat' dir='ltr'><strong>DE</strong></span> <span class='ocrx_word' id='word_1_4' title='bbox 254 617 459 664; x_wconf 73' lang='lat' dir='ltr'>ROMANORUM</span> <span class='ocrx_word' id='word_1_5' title='bbox 482 621 681 665; x_wconf 75' lang='lat' dir='ltr'><strong>Pourmcum</strong></span> <span class='ocrx_word' id='word_1_6' title='bbox 705 619 853 664; x_wconf 66' lang='lat' dir='ltr'><strong>summu</strong></span> <span class='ocrx_word' id='word_1_7' title='bbox 877 619 1085 680; x_wconf 73' lang='lat' dir='ltr'><strong>uurvsastm,</strong></span> 
     </span>
     <span class='ocr_line' id='line_1_3' title="bbox 401 727 880 774; baseline 0 -3"><span class='ocrx_word' id='word_1_8' title='bbox 401 727 441 771; x_wconf 64' lang='lat' dir='ltr'><strong>UT</strong></span> <span class='ocrx_word' id='word_1_9' title='bbox 466 729 498 772; x_wconf 82' lang='grc' dir='ltr'><strong>Β.</strong></span> <span class='ocrx_word' id='word_1_10' title='bbox 523 728 621 772; x_wconf 68' lang='lat' dir='ltr'><strong>aurat</strong></span> <span class='ocrx_word' id='word_1_11' title='bbox 646 727 880 774; x_wconf 74' lang='lat' dir='ltr'><strong>SUOOESSORUM.</strong></span> 
     </span>
    </p>
   </div>
   <div class='ocr_carea' id='block_1_3' title="bbox 72 928 1207 2614">
    <p class='ocr_par' dir='ltr' id='par_1_3' title="bbox 72 928 1203 1666">
     <span class='ocr_line' id='line_1_4' title="bbox 142 928 1201 1018; baseline 0.002 -22"><span class='ocrx_word' id='word_1_12' title='bbox 142 928 326 997; x_wconf 77' lang='lat' dir='ltr'>Hactenus</span> <span class='ocrx_word' id='word_1_13' title='bbox 348 951 389 996; x_wconf 87' lang='lat' dir='ltr'><strong>ex</strong></span> <span class='ocrx_word' id='word_1_14' title='bbox 413 931 629 1000; x_wconf 78' lang='lat' dir='ltr'><strong>documentis</strong></span> <span class='ocrx_word' id='word_1_15' title='bbox 645 931 823 999; x_wconf 81' lang='lat' dir='ltr'>Ecclesiae</span> <span class='ocrx_word' id='word_1_16' title='bbox 840 930 1201 1018; x_wconf 87' lang='lat' dir='ltr'><strong>Syrochaldaicaelu-</strong></span> 
     </span>
     <span class='ocr_line' id='line_1_5' title="bbox 72 1036 1202 1130; baseline 0.004 -28"><span class='ocrx_word' id='word_1_17' title='bbox 72 1036 251 1120; x_wconf 72' lang='lat' dir='ltr'><strong>culentm,</strong></span> <span class='ocrx_word' id='word_1_18' title='bbox 278 1044 318 1105; x_wconf 88' lang='lat' dir='ltr'><strong>ut</strong></span> <span class='ocrx_word' id='word_1_19' title='bbox 340 1061 529 1123; x_wconf 82' lang='lat' dir='ltr'><strong>censemus,</strong></span> <span class='ocrx_word' id='word_1_20' title='bbox 556 1045 662 1130; x_wconf 86' lang='lat' dir='ltr'><strong>atque</strong></span> <span class='ocrx_word' id='word_1_21' title='bbox 686 1041 797 1106; x_wconf 87' lang='lat' dir='ltr'><strong>omnis</strong></span> <span class='ocrx_word' id='word_1_22' title='bbox 821 1040 961 1128; x_wconf 83' lang='lat' dir='ltr'><strong>generis</strong></span> <span class='ocrx_word' id='word_1_23' title='bbox 982 1041 1202 1128; x_wconf 82' lang='lat' dir='ltr'><strong>argumentis</strong></span> 
     </span>
     <span class='ocr_line' id='line_1_6' title="bbox 72 1144 1201 1237; baseline 0.005 -27"><span class='ocrx_word' id='word_1_24' title='bbox 72 1144 317 1230; x_wconf 88' lang='lat' dir='ltr'><strong>probavimus,</strong></span> <span class='ocrx_word' id='word_1_25' title='bbox 345 1145 434 1214; x_wconf 90' lang='lat' dir='ltr'><strong>hanc</strong></span> <span class='ocrx_word' id='word_1_26' title='bbox 465 1146 657 1216; x_wconf 88' lang='lat' dir='ltr'><strong>Ecclesiam</strong></span> <span class='ocrx_word' id='word_1_27' title='bbox 688 1147 838 1215; x_wconf 90' lang='lat' dir='ltr'><strong>firmiter</strong></span> <span class='ocrx_word' id='word_1_28' title='bbox 865 1169 997 1237; x_wconf 86' lang='lat' dir='ltr'><strong>semper</strong></span> <span class='ocrx_word' id='word_1_29' title='bbox 1014 1147 1201 1216; x_wconf 80' lang='lat' dir='ltr'><strong>credidisse</strong></span> 
     </span>
     <span class='ocr_line' id='line_1_7' title="bbox 74 1250 1201 1344; baseline 0.007 -30"><span class='ocrx_word' id='word_1_30' title='bbox 74 1250 109 1314; x_wconf 79' lang='grc' dir='ltr'><strong>1ο</strong></span> <span class='ocrx_word' id='word_1_31' title='bbox 135 1250 281 1319; x_wconf 90' lang='lat' dir='ltr'><strong>Petrum</strong></span> <span class='ocrx_word' id='word_1_32' title='bbox 305 1253 499 1340; x_wconf 88' lang='lat' dir='ltr'><strong>apostolum</strong></span> <span class='ocrx_word' id='word_1_33' title='bbox 524 1278 544 1320; x_wconf 91' lang='lat' dir='ltr'><strong>a</strong></span> <span class='ocrx_word' id='word_1_34' title='bbox 567 1252 706 1321; x_wconf 85' lang='lat' dir='ltr'><strong>Christo</strong></span> <span class='ocrx_word' id='word_1_35' title='bbox 733 1254 911 1322; x_wconf 82' lang='lat' dir='ltr'><strong>Ecclesiae</strong></span> <span class='ocrx_word' id='word_1_36' title='bbox 942 1277 1112 1321; x_wconf 91' lang='lat' dir='ltr'><strong>summum</strong></span> <span class='ocrx_word' id='word_1_37' title='bbox 1143 1277 1201 1344; x_wconf 90' lang='lat' dir='ltr'><strong>pa·</strong></span> 
     </span>
     <span class='ocr_line' id='line_1_8' title="bbox 75 1362 1199 1449; baseline 0.004 -24"><span class='ocrx_word' id='word_1_38' title='bbox 75 1364 210 1426; x_wconf 87' lang='lat' dir='ltr'><strong>storem</strong></span> <span class='ocrx_word' id='word_1_39' title='bbox 246 1366 282 1426; x_wconf 91' lang='lat' dir='ltr'><strong>et</strong></span> <span class='ocrx_word' id='word_1_40' title='bbox 319 1383 517 1449; x_wconf 88' lang='lat' dir='ltr'><strong>supremum</strong></span> <span class='ocrx_word' id='word_1_41' title='bbox 557 1362 755 1430; x_wconf 78' lang='lat' dir='ltr'><strong>antistitem</strong></span> <span class='ocrx_word' id='word_1_42' title='bbox 796 1362 1026 1430; x_wconf 85' lang='lat' dir='ltr'><strong>constitutum</strong></span> <span class='ocrx_word' id='word_1_43' title='bbox 1067 1362 1199 1447; x_wconf 88' lang='lat' dir='ltr'><strong>fuisse;</strong></span> 
     </span>
     <span class='ocr_line' id='line_1_9' title="bbox 76 1465 1203 1559; baseline 0.006 -29"><span class='ocrx_word' id='word_1_44' title='bbox 76 1465 111 1530; x_wconf 68' lang='lat'><strong>2¹·</strong></span> <span class='ocrx_word' id='word_1_45' title='bbox 141 1466 235 1536; x_wconf 88' lang='lat' dir='ltr'><strong>hanc</strong></span> <span class='ocrx_word' id='word_1_46' title='bbox 263 1490 458 1557; x_wconf 87' lang='lat' dir='ltr'><strong>supremam</strong></span> <span class='ocrx_word' id='word_1_47' title='bbox 489 1470 734 1538; x_wconf 89' lang='lat' dir='ltr'><strong>auctoritatem</strong></span> <span class='ocrx_word' id='word_1_48' title='bbox 766 1493 826 1557; x_wconf 88' lang='lat' dir='ltr'><strong>per</strong></span> <span class='ocrx_word' id='word_1_49' title='bbox 857 1471 999 1538; x_wconf 90' lang='lat' dir='ltr'><strong>Petrum</strong></span> <span class='ocrx_word' id='word_1_50' title='bbox 1031 1469 1203 1559; x_wconf 86' lang='lat' dir='ltr'><strong>inceptam</strong></span> 
     </span>
     <span class='ocr_line' id='line_1_10' title="bbox 76 1574 1202 1666; baseline 0.005 -26"><span class='ocrx_word' id='word_1_51' title='bbox 76 1574 206 1644; x_wconf 88' lang='lat' dir='ltr'><strong>debere</strong></span> <span class='ocrx_word' id='word_1_52' title='bbox 223 1597 354 1664; x_wconf 86' lang='lat' dir='ltr'><strong>semper</strong></span> <span class='ocrx_word' id='word_1_53' title='bbox 370 1577 407 1644; x_wconf 91' lang='lat' dir='ltr'><strong>in</strong></span> <span class='ocrx_word' id='word_1_54' title='bbox 422 1577 581 1645; x_wconf 85' lang='lat' dir='ltr'><strong>Ecclesia</strong></span> <span class='ocrx_word' id='word_1_55' title='bbox 597 1577 687 1666; x_wconf 92' lang='lat' dir='ltr'><strong>apud</strong></span> <span class='ocrx_word' id='word_1_56' title='bbox 703 1576 780 1664; x_wconf 87' lang='lat' dir='ltr'><strong>ejus</strong></span> <span class='ocrx_word' id='word_1_57' title='bbox 804 1600 1017 1646; x_wconf 89' lang='lat' dir='ltr'><strong>successores</strong></span> <span class='ocrx_word' id='word_1_58' title='bbox 1040 1578 1202 1646; x_wconf 80' lang='lat' dir='ltr'><strong>existere.</strong></span> 
     </span>
    </p>

    <p class='ocr_par' dir='ltr' id='par_1_4' title="bbox 78 1683 1207 2614">
     <span class='ocr_line' id='line_1_11' title="bbox 147 1683 1204 1775; baseline 0 -23"><span class='ocrx_word' id='word_1_59' title='bbox 147 1685 235 1752; x_wconf 89' lang='lat' dir='ltr'><strong>Post</strong></span> <span class='ocrx_word' id='word_1_60' title='bbox 257 1684 341 1752; x_wconf 86' lang='lat' dir='ltr'><strong>heco</strong></span> <span class='ocrx_word' id='word_1_61' title='bbox 365 1685 557 1768; x_wconf 89' lang='lat' dir='ltr'><strong>videamus,</strong></span> <span class='ocrx_word' id='word_1_62' title='bbox 573 1683 709 1775; x_wconf 91' lang='lat' dir='ltr'><strong>qualem</strong></span> <span class='ocrx_word' id='word_1_63' title='bbox 727 1685 951 1752; x_wconf 85' lang='lat' dir='ltr'><strong>traditionem</strong></span> <span class='ocrx_word' id='word_1_64' title='bbox 967 1684 1125 1752; x_wconf 87' lang='lat' dir='ltr'><strong>Ecclesia</strong></span> <span class='ocrx_word' id='word_1_65' title='bbox 1138 1685 1204 1772; x_wconf 85' lang='lat' dir='ltr'><strong>Sy-</strong></span> 
     </span>
     <span class='ocr_line' id='line_1_12' title="bbox 78 1790 1205 1862; baseline -0.001 -4"><span class='ocrx_word' id='word_1_66' title='bbox 78 1790 306 1860; x_wconf 86' lang='lat' dir='ltr'><strong>rochaldaica</strong></span> <span class='ocrx_word' id='word_1_67' title='bbox 329 1793 492 1861; x_wconf 87' lang='lat' dir='ltr'><strong>habuerit</strong></span> <span class='ocrx_word' id='word_1_68' title='bbox 516 1793 609 1860; x_wconf 89' lang='lat' dir='ltr'><strong>circa</strong></span> <span class='ocrx_word' id='word_1_69' title='bbox 632 1793 729 1860; x_wconf 89' lang='lat' dir='ltr'><strong>Petri</strong></span> <span class='ocrx_word' id='word_1_70' title='bbox 757 1815 983 1862; x_wconf 88' lang='lat' dir='ltr'><strong>successores.</strong></span> <span class='ocrx_word' id='word_1_71' title='bbox 1012 1793 1061 1860; x_wconf 89' lang='lat' dir='ltr'><strong>Ut</strong></span> <span class='ocrx_word' id='word_1_72' title='bbox 1085 1792 1205 1858; x_wconf 89' lang='lat' dir='ltr'><strong>ordine</strong></span> 
     </span>
     <span class='ocr_line' id='line_1_13' title="bbox 78 1898 1205 1989; baseline -0.002 -23"><span class='ocrx_word' id='word_1_73' title='bbox 78 1898 231 1989; x_wconf 89' lang='lat' dir='ltr'><strong>quodam</strong></span> <span class='ocrx_word' id='word_1_74' title='bbox 253 1901 489 1989; x_wconf 88' lang='lat' dir='ltr'><strong>procedamus,</strong></span> <span class='ocrx_word' id='word_1_75' title='bbox 516 1900 738 1969; x_wconf 88' lang='lat' dir='ltr'><strong>ostendamus</strong></span> <span class='ocrx_word' id='word_1_76' title='bbox 761 1923 803 1968; x_wconf 86' lang='lat' dir='ltr'><strong>ex</strong></span> <span class='ocrx_word' id='word_1_77' title='bbox 827 1900 1057 1968; x_wconf 89' lang='lat' dir='ltr'><strong>monumentis</strong></span> <span class='ocrx_word' id='word_1_78' title='bbox 1087 1898 1205 1966; x_wconf 90' lang='lat' dir='ltr'><strong>Eccle-</strong></span> 
     </span>
     <span class='ocr_line' id='line_1_14' title="bbox 80 2006 1206 2096; baseline 0 -24"><span class='ocrx_word' id='word_1_79' title='bbox 80 2007 154 2074; x_wconf 89' lang='lat' dir='ltr'><strong>siae</strong></span> <span class='ocrx_word' id='word_1_80' title='bbox 173 2006 466 2094; x_wconf 85' lang='lat' dir='ltr'><strong>Syrochaldaicae</strong></span> <span class='ocrx_word' id='word_1_81' title='bbox 485 2007 517 2075; x_wconf 76' lang='lat'><strong>1⁰</strong></span> <span class='ocrx_word' id='word_1_82' title='bbox 530 2009 671 2075; x_wconf 90' lang='lat' dir='ltr'><strong>Petrum</strong></span> <span class='ocrx_word' id='word_1_83' title='bbox 684 2009 872 2075; x_wconf 86' lang='lat' dir='ltr'><strong>Romanam</strong></span> <span class='ocrx_word' id='word_1_84' title='bbox 888 2007 1080 2075; x_wconf 88' lang='lat' dir='ltr'><strong>Ecclesiam</strong></span> <span class='ocrx_word' id='word_1_85' title='bbox 1097 2029 1206 2096; x_wconf 89' lang='lat' dir='ltr'><strong>usque</strong></span> 
     </span>
     <span class='ocr_line' id='line_1_15' title="bbox 81 2113 1207 2204; baseline 0 -26"><span class='ocrx_word' id='word_1_86' title='bbox 81 2114 125 2182; x_wconf 88' lang='lat' dir='ltr'><strong>ad</strong></span> <span class='ocrx_word' id='word_1_87' title='bbox 151 2136 250 2182; x_wconf 90' lang='lat' dir='ltr'><strong>suam</strong></span> <span class='ocrx_word' id='word_1_88' title='bbox 271 2121 413 2183; x_wconf 88' lang='lat' dir='ltr'><strong>mortem</strong></span> <span class='ocrx_word' id='word_1_89' title='bbox 431 2115 575 2201; x_wconf 86' lang='lat' dir='ltr'><strong>rexisse;</strong></span> <span class='ocrx_word' id='word_1_90' title='bbox 593 2114 627 2178; x_wconf 79' lang='grc' dir='ltr'><strong>2ο</strong></span> <span class='ocrx_word' id='word_1_91' title='bbox 645 2115 815 2182; x_wconf 85' lang='lat' dir='ltr'><strong>Romanos</strong></span> <span class='ocrx_word' id='word_1_92' title='bbox 832 2116 1007 2204; x_wconf 88' lang='lat' dir='ltr'><strong>episcopos</strong></span> <span class='ocrx_word' id='word_1_93' title='bbox 1020 2113 1207 2202; x_wconf 89' lang='lat' dir='ltr'><strong>primatum</strong></span> 
     </span>
     <span class='ocr_line' id='line_1_16' title="bbox 79 2219 1206 2310; baseline -0.003 -21"><span class='ocrx_word' id='word_1_94' title='bbox 79 2221 341 2308; x_wconf 85' lang='lat' dir='ltr'><strong>jurisdictionis</strong></span> <span class='ocrx_word' id='word_1_95' title='bbox 370 2229 405 2290; x_wconf 90' lang='lat' dir='ltr'><strong>et</strong></span> <span class='ocrx_word' id='word_1_96' title='bbox 428 2222 624 2310; x_wconf 84' lang='lat' dir='ltr'><strong>magisterii</strong></span> <span class='ocrx_word' id='word_1_97' title='bbox 650 2221 775 2290; x_wconf 88' lang='lat' dir='ltr'><strong>habere</strong></span> <span class='ocrx_word' id='word_1_98' title='bbox 805 2223 841 2289; x_wconf 94' lang='lat' dir='ltr'><strong>in</strong></span> <span class='ocrx_word' id='word_1_99' title='bbox 865 2221 1065 2290; x_wconf 86' lang='lat' dir='ltr'><strong>universam</strong></span> <span class='ocrx_word' id='word_1_100' title='bbox 1088 2219 1206 2288; x_wconf 89' lang='lat' dir='ltr'><strong>Eccle-</strong></span> 
     </span>
     <span class='ocr_line' id='line_1_17' title="bbox 82 2325 1204 2421; baseline -0.002 -25"><span class='ocrx_word' id='word_1_101' title='bbox 82 2331 192 2413; x_wconf 89' lang='lat' dir='ltr'><strong>siam,</strong></span> <span class='ocrx_word' id='word_1_102' title='bbox 219 2329 415 2421; x_wconf 87' lang='lat' dir='ltr'><strong>etquidem</strong></span> <span class='ocrx_word' id='word_1_103' title='bbox 441 2329 585 2398; x_wconf 87' lang='lat' dir='ltr'><strong>eundem</strong></span> <span class='ocrx_word' id='word_1_104' title='bbox 609 2350 650 2394; x_wconf 90' lang='lat' dir='ltr'><strong>ac</strong></span> <span class='ocrx_word' id='word_1_105' title='bbox 673 2329 774 2396; x_wconf 91' lang='lat' dir='ltr'><strong>illum</strong></span> <span class='ocrx_word' id='word_1_106' title='bbox 800 2351 899 2419; x_wconf 87' lang='lat' dir='ltr'><strong>quem</strong></span> <span class='ocrx_word' id='word_1_107' title='bbox 923 2328 1050 2395; x_wconf 89' lang='lat' dir='ltr'><strong>Petrus</strong></span> <span class='ocrx_word' id='word_1_108' title='bbox 1074 2325 1204 2415; x_wconf 83' lang='lat' dir='ltr'><strong>gessit,</strong></span> 
     </span>
     <span class='ocr_line' id='line_1_18' title="bbox 83 2433 1207 2526; baseline -0.004 -23"><span class='ocrx_word' id='word_1_109' title='bbox 83 2459 153 2504; x_wconf 92' lang='lat' dir='ltr'><strong>uno</strong></span> <span class='ocrx_word' id='word_1_110' title='bbox 180 2439 282 2506; x_wconf 84' lang='lat' dir='ltr'><strong>verbo</strong></span> <span class='ocrx_word' id='word_1_111' title='bbox 306 2437 476 2506; x_wconf 82' lang='lat' dir='ltr'><strong>Romanos</strong></span> <span class='ocrx_word' id='word_1_112' title='bbox 499 2436 680 2526; x_wconf 86' lang='lat' dir='ltr'><strong>pontifices</strong></span> <span class='ocrx_word' id='word_1_113' title='bbox 705 2459 780 2504; x_wconf 88' lang='lat' dir='ltr'><strong>esse</strong></span> <span class='ocrx_word' id='word_1_114' title='bbox 804 2436 894 2503; x_wconf 90' lang='lat' dir='ltr'><strong>solos</strong></span> <span class='ocrx_word' id='word_1_115' title='bbox 928 2457 1029 2504; x_wconf 89' lang='lat' dir='ltr'><strong>veros</strong></span> <span class='ocrx_word' id='word_1_116' title='bbox 1057 2456 1097 2501; x_wconf 92' lang='lat' dir='ltr'><strong>ac</strong></span> <span class='ocrx_word' id='word_1_117' title='bbox 1121 2433 1207 2522; x_wconf 84' lang='lat' dir='ltr'><strong>legi-</strong></span> 
     </span>
     <span class='ocr_line' id='line_1_19' title="bbox 83 2529 598 2614; baseline 0.006 -4"><span class='ocrx_word' id='word_1_118' title='bbox 83 2544 191 2611; x_wconf 89' lang='lat' dir='ltr'><strong>timos</strong></span> <span class='ocrx_word' id='word_1_119' title='bbox 214 2543 311 2611; x_wconf 86' lang='lat' dir='ltr'><strong>Petri</strong></span> <span class='ocrx_word' id='word_1_120' title='bbox 327 2565 554 2614; x_wconf 83' lang='lat' dir='ltr'><strong>successores.</strong></span> <span class='ocrx_word' id='word_1_121' title='bbox 596 2529 598 2536; x_wconf 41' lang='lat'>⁵</span> 
     </span>
    </p>
   </div>
   <div class='ocr_carea' id='block_1_4' title="bbox 603 2726 693 2805">
    <p class='ocr_par' dir='ltr' id='par_1_5' title="bbox 603 2726 693 2805">
     <span class='ocr_line' id='line_1_20' title="bbox 603 2726 693 2805; baseline 0.022 -15"><span class='ocrx_word' id='word_1_122' title='bbox 603 2732 634 2805; x_wconf 82' lang='lat'><strong>§.</strong></span> <span class='ocrx_word' id='word_1_123' title='bbox 662 2726 693 2792; x_wconf 91' lang='grc'><strong>1.</strong></span> 
     </span>
    </p>
   </div>
   <div class='ocr_carea' id='block_1_5' title="bbox 212 2902 1085 3106">
    <p class='ocr_par' dir='ltr' id='par_1_6' title="bbox 212 2902 1085 3106">
     <span class='ocr_line' id='line_1_21' title="bbox 212 2902 1085 2994; baseline -0.008 -21"><span class='ocrx_word' id='word_1_124' title='bbox 212 2906 336 2973; x_wconf 79' lang='lat' dir='ltr'><strong>Petrus</strong></span> <span class='ocrx_word' id='word_1_125' title='bbox 355 2906 542 2994; x_wconf 76' lang='lat' dir='ltr'><strong>Apostolus</strong></span> <span class='ocrx_word' id='word_1_126' title='bbox 567 2908 660 2971; x_wconf 77' lang='lat' dir='ltr'><strong>remit</strong></span> <span class='ocrx_word' id='word_1_127' title='bbox 683 2905 871 2972; x_wconf 80' lang='lat' dir='ltr'><strong>Romanam</strong></span> <span class='ocrx_word' id='word_1_128' title='bbox 892 2902 1085 2971; x_wconf 80' lang='lat' dir='ltr'><strong>Ecclesiam</strong></span> 
     </span>
     <span class='ocr_line' id='line_1_22' title="bbox 481 3012 830 3106; baseline -0.003 -27"><span class='ocrx_word' id='word_1_129' title='bbox 481 3012 654 3106; x_wconf 78' lang='lat' dir='ltr'><strong>usquead</strong></span> <span class='ocrx_word' id='word_1_130' title='bbox 681 3026 830 3078; x_wconf 80' lang='lat' dir='ltr'><strong>mortem.</strong></span> 
     </span>
    </p>
   </div>
   <div class='ocr_carea' id='block_1_6' title="bbox 88 3186 1408 4027">
    <p class='ocr_par' dir='ltr' id='par_1_7' title="bbox 88 3186 1286 3818">
     <span class='ocr_line' id='line_1_23' title="bbox 158 3186 1211 3283; baseline -0.008 -23"><span class='ocrx_word' id='word_1_131' title='bbox 158 3193 243 3260; x_wconf 79' lang='lat' dir='ltr'><strong>Tam</strong></span> <span class='ocrx_word' id='word_1_132' title='bbox 272 3194 408 3283; x_wconf 90' lang='lat' dir='ltr'><strong>copiosa</strong></span> <span class='ocrx_word' id='word_1_133' title='bbox 436 3198 519 3261; x_wconf 91' lang='lat' dir='ltr'><strong>sunt</strong></span> <span class='ocrx_word' id='word_1_134' title='bbox 542 3199 762 3262; x_wconf 90' lang='lat' dir='ltr'><strong>monumenta</strong></span> <span class='ocrx_word' id='word_1_135' title='bbox 786 3213 873 3283; x_wconf 88' lang='lat' dir='ltr'><strong>quae</strong></span> <span class='ocrx_word' id='word_1_136' title='bbox 896 3193 1084 3269; x_wconf 87' lang='lat' dir='ltr'><strong>testantur,</strong></span> <span class='ocrx_word' id='word_1_137' title='bbox 1104 3186 1211 3274; x_wconf 86' lang='lat' dir='ltr'><strong>Syro-</strong></span> 
     </span>
     <span class='ocr_line' id='line_1_24' title="bbox 89 3294 1213 3371; baseline -0.012 0"><span class='ocrx_word' id='word_1_138' title='bbox 89 3300 305 3371; x_wconf 87' lang='lat' dir='ltr'><strong>ohaldaicam</strong></span> <span class='ocrx_word' id='word_1_139' title='bbox 328 3299 522 3368; x_wconf 88' lang='lat' dir='ltr'><strong>Ecclesiam</strong></span> <span class='ocrx_word' id='word_1_140' title='bbox 545 3300 694 3367; x_wconf 84' lang='lat' dir='ltr'><strong>firmiter</strong></span> <span class='ocrx_word' id='word_1_141' title='bbox 718 3299 874 3366; x_wconf 87' lang='lat' dir='ltr'><strong>tenuisse</strong></span> <span class='ocrx_word' id='word_1_142' title='bbox 897 3298 1054 3363; x_wconf 84' lang='lat' dir='ltr'><strong>sanctum</strong></span> <span class='ocrx_word' id='word_1_143' title='bbox 1070 3294 1213 3360; x_wconf 88' lang='lat' dir='ltr'><strong>Petrum</strong></span> 
     </span>
     <span class='ocr_line' id='line_1_25' title="bbox 89 3401 1213 3497; baseline -0.011 -20"><span class='ocrx_word' id='word_1_144' title='bbox 89 3409 218 3478; x_wconf 85' lang='lat' dir='ltr'><strong>Romae</strong></span> <span class='ocrx_word' id='word_1_145' title='bbox 242 3407 352 3476; x_wconf 82' lang='lat' dir='ltr'><strong>fuisse</strong></span> <span class='ocrx_word' id='word_1_146' title='bbox 376 3407 542 3497; x_wconf 90' lang='lat' dir='ltr'><strong>illiusque</strong></span> <span class='ocrx_word' id='word_1_147' title='bbox 559 3407 665 3475; x_wconf 89' lang='lat' dir='ltr'><strong>Urbis</strong></span> <span class='ocrx_word' id='word_1_148' title='bbox 689 3407 869 3475; x_wconf 86' lang='lat' dir='ltr'><strong>ecclesiam</strong></span> <span class='ocrx_word' id='word_1_149' title='bbox 887 3424 995 3493; x_wconf 90' lang='lat' dir='ltr'><strong>usque</strong></span> <span class='ocrx_word' id='word_1_150' title='bbox 1012 3401 1056 3468; x_wconf 92' lang='lat' dir='ltr'><strong>ad</strong></span> <span class='ocrx_word' id='word_1_151' title='bbox 1069 3405 1213 3468; x_wconf 87' lang='lat' dir='ltr'><strong>mortem</strong></span> 
     </span>
     <span class='ocr_line' id='line_1_26' title="bbox 88 3507 1214 3604; baseline -0.009 -21"><span class='ocrx_word' id='word_1_152' title='bbox 88 3516 244 3599; x_wconf 84' lang='lat' dir='ltr'><strong>rexisse,</strong></span> <span class='ocrx_word' id='word_1_153' title='bbox 272 3519 313 3582; x_wconf 84' lang='lat' dir='ltr'><strong>ut</strong></span> <span class='ocrx_word' id='word_1_154' title='bbox 343 3535 638 3604; x_wconf 87' lang='lat' dir='ltr'><strong>supervacaneum</strong></span> <span class='ocrx_word' id='word_1_155' title='bbox 670 3513 908 3582; x_wconf 88' lang='lat' dir='ltr'><strong>existimemus</strong></span> <span class='ocrx_word' id='word_1_156' title='bbox 940 3507 1002 3577; x_wconf 90' lang='lat' dir='ltr'><strong>diu</strong></span> <span class='ocrx_word' id='word_1_157' title='bbox 1025 3508 1062 3574; x_wconf 91' lang='lat' dir='ltr'><strong>in</strong></span> <span class='ocrx_word' id='word_1_158' title='bbox 1086 3507 1152 3574; x_wconf 91' lang='lat' dir='ltr'><strong>hac</strong></span> <span class='ocrx_word' id='word_1_159' title='bbox 1175 3527 1214 3573; x_wconf 90' lang='lat' dir='ltr'><strong>re</strong></span> 
     </span>
     <span class='ocr_line' id='line_1_27' title="bbox 90 3614 1286 3706; baseline -0.009 -14"><span class='ocrx_word' id='word_1_160' title='bbox 90 3622 232 3692; x_wconf 87' lang='lat' dir='ltr'><strong>morari.</strong></span> <span class='ocrx_word' id='word_1_161' title='bbox 267 3620 362 3690; x_wconf 90' lang='lat' dir='ltr'><strong>Satis</strong></span> <span class='ocrx_word' id='word_1_162' title='bbox 391 3621 462 3690; x_wconf 87' lang='lat' dir='ltr'><strong>erit</strong></span> <span class='ocrx_word' id='word_1_163' title='bbox 495 3643 601 3688; x_wconf 89' lang='lat' dir='ltr'><strong>unum</strong></span> <span class='ocrx_word' id='word_1_164' title='bbox 632 3627 695 3689; x_wconf 91' lang='lat' dir='ltr'><strong>aut</strong></span> <span class='ocrx_word' id='word_1_165' title='bbox 725 3619 874 3687; x_wconf 85' lang='lat' dir='ltr'><strong>alterum</strong></span> <span class='ocrx_word' id='word_1_166' title='bbox 905 3614 1142 3684; x_wconf 87' lang='lat' dir='ltr'><strong>testimonium</strong></span> <span class='ocrx_word' id='word_1_167' title='bbox 1171 3635 1213 3702; x_wconf 80' lang='lat' dir='ltr'><strong>ex</strong></span> <span class='ocrx_word' id='word_1_168' title='bbox 1283 3699 1286 3706; x_wconf 25' lang='grc' dir='ltr'>Ι</span> 
     </span>
     <span class='ocr_line' id='line_1_28' title="bbox 91 3727 672 3818; baseline -0.007 -20"><span class='ocrx_word' id='word_1_169' title='bbox 91 3729 277 3798; x_wconf 84' lang='lat' dir='ltr'><strong>Chaldaeis</strong></span> <span class='ocrx_word' id='word_1_170' title='bbox 299 3735 335 3798; x_wconf 90' lang='lat' dir='ltr'><strong>et</strong></span> <span class='ocrx_word' id='word_1_171' title='bbox 351 3729 455 3818; x_wconf 87' lang='lat' dir='ltr'><strong>Syris</strong></span> <span class='ocrx_word' id='word_1_172' title='bbox 473 3727 672 3817; x_wconf 86' lang='lat' dir='ltr'><strong>protulisse.</strong></span> 
     </span>
    </p>

    <p class='ocr_par' dir='ltr' id='par_1_8' title="bbox 92 3827 1408 4027">
     <span class='ocr_line' id='line_1_29' title="bbox 158 3827 1212 3907; baseline -0.013 -1"><span class='ocrx_word' id='word_1_173' title='bbox 158 3838 319 3907; x_wconf 89' lang='lat' dir='ltr'><strong>Ecclesia</strong></span> <span class='ocrx_word' id='word_1_174' title='bbox 334 3835 524 3904; x_wconf 86' lang='lat' dir='ltr'><strong>Chaldaica</strong></span> <span class='ocrx_word' id='word_1_175' title='bbox 540 3835 576 3902; x_wconf 91' lang='lat' dir='ltr'><strong>in</strong></span> <span class='ocrx_word' id='word_1_176' title='bbox 591 3834 700 3902; x_wconf 88' lang='lat' dir='ltr'><strong>officio</strong></span> <span class='ocrx_word' id='word_1_177' title='bbox 717 3838 916 3900; x_wconf 85' lang='lat' dir='ltr'><strong>sanctorum</strong></span> <span class='ocrx_word' id='word_1_178' title='bbox 932 3829 1031 3898; x_wconf 89' lang='lat' dir='ltr'><strong>Petri</strong></span> <span class='ocrx_word' id='word_1_179' title='bbox 1056 3833 1091 3895; x_wconf 86' lang='lat' dir='ltr'><strong>et</strong></span> <span class='ocrx_word' id='word_1_180' title='bbox 1110 3827 1212 3894; x_wconf 91' lang='lat' dir='ltr'><strong>Pauli</strong></span> 
     </span>
     <span class='ocr_line' id='line_1_30' title="bbox 92 3920 1408 4027; baseline -0.009 -16"><span class='ocrx_word' id='word_1_181' title='bbox 92 3947 126 4013; x_wconf 89' lang='lat' dir='ltr'><strong>in</strong></span> <span class='ocrx_word' id='word_1_182' title='bbox 152 3945 301 4016; x_wconf 87' lang='lat' dir='ltr'><strong>secundo</strong></span> <span class='ocrx_word' id='word_1_183' title='bbox 325 3949 495 4013; x_wconf 90' lang='lat' dir='ltr'><strong>nocturno</strong></span> <span class='ocrx_word' id='word_1_184' title='bbox 512 3941 562 4027; x_wconf 84' lang='lat'><strong>(1)</strong></span> <span class='ocrx_word' id='word_1_185' title='bbox 580 3941 629 4009; x_wconf 89' lang='lat' dir='ltr'><strong>sic</strong></span> <span class='ocrx_word' id='word_1_186' title='bbox 656 3940 764 4008; x_wconf 86' lang='lat' dir='ltr'><strong>canit:</strong></span> <span class='ocrx_word' id='word_1_187' title='bbox 784 3967 800 4002; x_wconf 78' lang='lat' dir='ltr'><strong>a</strong></span> <span class='ocrx_word' id='word_1_188' title='bbox 818 3937 1047 4019; x_wconf 85' lang='lat' dir='ltr'><strong>Exornamus,</strong></span> <span class='ocrx_word' id='word_1_189' title='bbox 1068 3928 1219 4019; x_wconf 82' lang='lat' dir='ltr'><strong>fratres,</strong></span> <span class='ocrx_word' id='word_1_190' title='bbox 1241 3920 1408 4002; x_wconf 77' lang='lat' dir='ltr'><strong>lssffl</strong></span> 
     </span>
    </p>
   </div>
   <div class='ocr_carea' id='block_1_7' title="bbox 164 4166 556 4244">
    <p class='ocr_par' dir='ltr' id='par_1_9' title="bbox 164 4166 556 4244">
     <span class='ocr_line' id='line_1_31' title="bbox 164 4166 556 4244; baseline -0.008 -22"><span class='ocrx_word' id='word_1_191' title='bbox 164 4166 207 4244; x_wconf 86' lang='lat'><strong>(1)</strong></span> <span class='ocrx_word' id='word_1_192' title='bbox 225 4170 294 4224; x_wconf 86' lang='lat' dir='ltr'><strong>(lod.</strong></span> <span class='ocrx_word' id='word_1_193' title='bbox 314 4169 390 4224; x_wconf 76' lang='lat' dir='ltr'><strong>xm.</strong></span> <span class='ocrx_word' id='word_1_194' title='bbox 411 4185 478 4237; x_wconf 73' lang='lat' dir='ltr'><strong>pag.</strong></span> <span class='ocrx_word' id='word_1_195' title='bbox 493 4168 556 4220; x_wconf 77' lang='lat'><strong>864.</strong></span> 
     </span>
    </p>
   </div>
   <div class='ocr_carea' id='block_1_8' title="bbox 0 0 1536 4672">
    <p class='ocr_par' dir='ltr' id='par_1_10' title="bbox 0 0 1536 4672">
     <span class='ocr_line' id='line_1_32' title="bbox 0 0 1536 4672; baseline 0 0"><span class='ocrx_word' id='word_1_196' title='bbox 0 0 1536 4672; x_wconf 95' lang='lat' dir='ltr'><strong> </strong></span> 
     </span>
    </p>
   </div>
  </div>
 </body>
</html>
