3006 4672
424 177 559 220 soncrro
584 179 846 224 nrrrrcunrnrun
1146 157 1189 224 63

68 286 167 352 disse
181 286 218 352 in
230 285 379 376 concilio
403 295 525 356 contra
539 287 803 377 Moncpbysitas
819 290 950 373 habito,
969 296 1010 359 ut
1032 291 1121 358 alias
1136 291 1188 358 in-

67 396 225 460 nuimus.
236 393 320 460 Cum
336 395 439 478 enim,
454 395 542 484 ipsis
557 395 720 478 testibus,
735 398 861 464 Leonis
876 399 975 466 Pont.
991 399 1088 466 Rom.
1104 399 1188 466 Con·

68 501 216 568 stitutio
238 501 435 589 dogmatica
457 503 493 568 in
521 503 653 592 synodo
683 504 820 592 prolata
849 512 962 588 esset,
989 505 1188 596 dictumque

68 609 144 676 fuit
167 609 343 676 Dioscoro:
372 639 388 672 ιι
406 609 458 677 En
484 611 725 678 documentum
748 618 783 679 et
805 612 890 679 fides
906 613 1042 697 Leonis,
1058 613 1118 704 qui
1135 621 1189 681 cst

70 743 86 776 n
107 716 282 783 maximus
306 717 366 807 qui
390 717 439 784 sit
461 718 554 786 inter
577 741 680 803 vos»
706 719 905 804 Dioscorus,
922 720 986 788 hoc
1000 721 1188 810 negare‘in

68 823 221 891 concilio
249 847 317 891 non
340 825 493 908 audens,
521 825 656 894 scilicet
678 827 825 894 Leonem
848 850 922 895 esse
946 829 1103 895 omnibus
1128 828 1188 918 qui

67 937 173 998 erant
196 931 232 998 in
256 931 401 1000 concilio
418 933 638 1020 superiorem,
658 956 749 1001 more
766 933 1018 1001 haereticorum
1035 934 1099 1002 hoc
1115 935 1187 1002 dia-

67 1038 222 1106 bolicum
246 1039 343 1106 dedit
365 1062 566 1128 responsum
579 1039 641 1127 (1):
671 1041 818 1108 «Etiam
846 1041 995 1133 Satanas
1019 1042 1188 1110 maximus
1221 1041 1308 1140 ΠΙ,

70 1172 85 1205 n
105 1152 187 1213 erat
209 1145 301 1214 inter
323 1147 489 1236 Angelos.
523 1149 589 1217 Sed
613 1171 688 1216 cum
709 1155 830 1217 contra
849 1150 959 1216 Deum
975 1171 1010 1216 se
1026 1149 1186 1216 rebellem

70 1281 85 1316 n
105 1254 305 1338 constitnit,
321 1255 447 1322 cecidit
462 1262 497 1323 et
512 1257 628 1324 factus
646 1263 699 1323 est
711 1256 889 1324 Diabolus.
906 1256 1035 1324 Eadem
1052 1255 1187 1323 ratione
1245 1321 1249 1332 ,

69 1389 85 1422 n
105 1363 190 1446 Leo,
209 1363 238 1429 si
255 1369 384 1430 rectam
408 1363 543 1453 quidem
567 1364 668 1431 fidem
692 1364 878 1451 profitetur
895 1363 1017 1454 illique
1031 1363 1187 1432 obedien-

70 1496 86 1529 n
104 1476 176 1536 tem
195 1491 267 1536 sese
283 1469 436 1553 exhibet,
462 1477 515 1536 est
531 1470 653 1560 ntique
670 1470 743 1559 ipse
760 1471 941 1554 maximus,
956 1469 1187 1538 eminentissi-

70 1602 86 1636 η
105 1598 197 1658 mua,
214 1575 537 1644 excellentissimus.
555 1604 571 1638 n
590 1577 642 1643 At
657 1576 890 1644 stultissimus
907 1578 1006 1644 homo
1022 1584 1057 1646 et
1073 1599 1187 1646 omnes

69 1684 132 1774 qui
157 1707 233 1751 eum
256 1683 452 1766 imitantur,
471 1706 539 1750 non
562 1685 753 1752 advertunt
776 1684 839 1752 hoc
863 1686 1062 1773 argumenti
1079 1709 1188 1774 genus

70 1795 193 1858 contra
215 1791 308 1880 ipsos
333 1815 353 1858 a
376 1791 450 1860 suis
473 1791 624 1860 subditis
648 1815 745 1881 posse
760 1780 841 1881 jure
856 1793 978 1861 merito
994 1794 1189 1884 retorqueri

69 1899 234 1990 ipsisque·
251 1899 331 1966 dici:
348 1899 387 1967 Si
411 1900 595 1967 veritatem
619 1900 670 1968 sic
694 1900 750 1967 vel
771 1902 821 1968 sio
844 1900 1008 1982 doceatis,
1029 1899 1059 1967 si
1082 1900 1188 1968 talem

71 2007 128 2074 vel
164 2004 270 2073 talem
300 2029 371 2074 rem
400 2029 503 2095 agere
534 2029 595 2074 vos
626 2029 825 2090 cernamus,
852 2007 1046 2074 obediemus
1069 2007 1189 2096 utique

72 2113 183 2199 vobis;
200 2136 309 2197 secus,
334 2137 413 2181 non.
434 2114 527 2196 Quid
550 2115 824 2204 respondendum
846 2114 1014 2206 haberent
1037 2113 1119 2182 huic
1135 2136 1189 2181 ar-

71 2226 260 2310 gumento,
295 2222 384 2312 quod
415 2222 622 2289 latissimam
654 2223 768 2310 aperit
791 2223 885 2290 viam
909 2223 1000 2289 omni
1024 2221 1189 2290 schisma·

73 2328 114 2412 ti,
136 2328 228 2394 omni
244 2329 436 2414 rebellioni,
455 2330 546 2396 omni
563 2329 724 2398 haeresi?
740 2330 814 2398 Hoc
830 2334 884 2397 est
898 2329 989 2396 enim
1005 2330 1191 2396 maximum

72 2437 223 2503 omniurn
248 2435 554 2505 Schismaticorum
577 2443 613 2505 et
635 2437 897 2505 Haeretieorum
922 2437 1073 2520 malum,
1099 2437 1190 2526 quod

72 2544 110 2627 ii,
138 2567 215 2611 cunr
240 2543 447 2632 simpliciter
471 2544 709 2633 superioribus
733 2545 869 2614 obedire
892 2547 1189 2626 tenentur‚econ·

73 2661 129 2719 tra
147 2652 260 2720 velint
277 2653 408 2740 seipsos
423 2653 616 2734 antistites,
630 2652 827 2741 magistros,
841 2652 946 2720 duces
963 2651 1186 2720 constituere.

74 2760 120 2827 Et
142 2760 206 2828 boo
229 2760 342 2849 ipsum
358 2759 641 2828 manifestissime
658 2759 820 2844 ostendit,
837 2780 938 2850 qnam
954 2760 1189 2829 necessarium

73 2876 124 2936 est
148 2875 188 2936 nt
211 2869 248 2936 in
270 2867 429 2936 Ecclesia
452 2891 583 2957 semper
607 2867 777 2939 habeatur
802 2889 872 2935 una
888 2867 1054 2952 visibilis,
1070 2890 1188 2956 supre-

75 2997 139 3058 ma,
158 2981 194 3042 et
208 2974 465 3062 irrefragabilis
478 2973 682 3057 auctoritas,
699 2995 785 3064 quae
810 2975 1038 3063 peremptorio
1054 2973 1189 3060 jndicio

75 3082 217 3149 dirimat
249 3104 362 3149 omnes
384 3081 477 3164 lites,
501 3080 635 3169 jurgia,
663 3080 930 3164 controversias,
957 3081 1074 3164 dubia,
1102 3101 1188 3171 quae

76 3188 109 3254 in
126 3188 285 3256 Ecclesia
305 3189 456 3278 singulis
479 3188 575 3255 horis
599 3188 655 3256 vel
679 3189 772 3256 inter
791 3190 884 3277 ipsos
909 3187 1085 3276 praesules
1102 3185 1188 3253 oriri

76 3302 240 3383 possunt3
274 3297 363 3388 quod
393 3303 429 3364 et
459 3296 528 3385 ipsi
551 3296 663 3364 nostri
689 3295 912 3364 Schismatici
936 3291 1188 3382 Syrochaldaei

75 3403 215 3491 pluries,
231 3406 286 3471 uti
299 3405 463 3488 vidimus,
475 3402 663 3471 theoretice
675 3403 813 3494 quidem
825 3406 1057 3490 agnoverunt,
1070 3421 1187 3490 quam-

75 3532 173 3599 quam
197 3511 349 3600 practice
372 3510 440 3578 sibi
463 3511 550 3600 ipsis
574 3510 860 3591 contradicentes
881 3507 1092 3596 principium
1115 3528 1188 3575 ase

75 3619 279 3686 verbotenus
303 3619 490 3687 admissum
514 3625 549 3686 et
568 3617 672 3705 juxta
696 3616 797 3704 pravi
818 3615 926 3682 animi
943 3615 999 3682 sui
1016 3614 1187 3705 cupidita-

76 3729 140 3790 tem
158 3723 382 3813 applicatum,
409 3724 503 3792 facto
526 3745 588 3792 suo
612 3723 852 3790 destruxerint
875 3721 937 3807 (2).

143 3991 184 4066 (1)
201 3993 284 4062 Apud
304 3993 437 4047 Severum
455 3995 590 4061 linealis,
616 3995 689 4048 alias
711 3993 838 4060 citatum,
862 3992 928 4047 (lod.
945 3995 1010 4046 vot.
1034 3992 1097 4060 Syr.
1124 3991 1186 4044 159.

81 4100 140 4150 pag.
159 4085 215 4137 129'
227 4091 311 4136 recto.

144 4169 185 4245 (Β)
203 4173 272 4229 Vad.
285 4172 347 4227 Art.
361 4175 400 4228 11.
414 4175 438 4240 5.
451 4175 476 4226 2.
