3006 4672
563 464 595 544 ἓ.
620 456 651 530 Ι.

135 661 351 752 Arqameuta
375 685 416 728 ea
440 661 763 752 Syrooltoldoeoram
787 659 890 728 dietis
914 659 1088 752 desumpta

269 769 315 837 ad
338 768 632 837 demonstrandam
656 771 834 837 Primatus
857 769 956 838 Petri

470 884 751 969 perpetuitatem.

115 1094 363 1165 Contendimus
384 1092 576 1164 Ecclesiam
601 1093 909 1184 Syrochaldaicam
933 1093 990 1163 vel
1012 1093 1055 1161 ab
1078 1091 1168 1160 auti·

48 1206 129 1296 quis
151 1205 366 1294 temporibus
388 1227 448 1294 pro
471 1226 509 1272 rc
540 1203 735 1272 certissima
765 1202 945 1287 habuisse,
979 1201 1169 1291 primatum

46 1313 146 1384 Petri
169 1336 238 1381 non
255 1311 414 1381 debuisse
430 1335 491 1404 per
505 1313 583 1402 ejus
598 1318 741 1380 mortem
756 1311 930 1400 extingui,
947 1307 1006 1378 scd
1021 1308 1168 1377 duratu-

49 1445 128 1490 rum
142 1443 219 1490 esse
242 1443 374 1511 semper
390 1421 427 1488 in
445 1421 615 1490 Ecclesia.
639 1421 681 1490 Id
698 1427 814 1488 autem
829 1418 1010 1488 evidenter
1033 1416 1168 1484 demon·

51 1532 166 1598 strant
191 1527 361 1616 Syrorum
378 1534 413 1595 11
429 1527 681 1596 Chaldaeorum
697 1526 798 1596 varia
814 1525 920 1610 dicta,
936 1526 1063 1617 quibus
1076 1546 1168 1592 asse-

52 1643 134 1704 runt
150 1635 343 1705 Ecclesiam
366 1637 440 1704 sine
464 1659 594 1704 summo
619 1635 734 1725 capite
756 1633 947 1704 subsistere
971 1655 1039 1700 non
1055 1653 1165 1722 possa.

52 1744 248 1814 Audiamus
271 1743 384 1834 igitur
406 1742 576 1811 nonnulla
599 1765 640 1812 ex
665 1743 723 1811 his
747 1741 863 1812 dictis.

119 1851 188 1922 Sed
222 1856 408 1944 antequam
442 1873 483 1920 ea
510 1852 720 1935 afferamus,
747 1849 1036 1940 praemonendum
1071 1846 1167 1918 duci·

53 1983 138 2045 mus,
164 1965 327 2029 auctores
349 1957 471 2027 horum
495 1957 680 2042 dictorum,
706 1958 748 2025 de
772 1956 979 2026 necessitate
1002 1956 1107 2025 unius
1131 1956 1168 2024 iu
1202 1987 1204 1991 ’
1269 1977 1270 1980 ’

53 2067 209 2138 Ecclesia
225 2068 349 2136 summi
366 2065 493 2156 capitis
508 2065 702 2156 loquentes,
722 2067 812 2134 111111
828 2067 1026 2150 veritatem,
1046 2069 1168 2154 utpote

55 2169 290 2246 schismaticos
314 2179 350 2244 11
371 2196 392 2241 1
416 2174 650 2244 communione
680 2173 859 2244 Ecclesiae
890 2176 1062 2243 Romanae
1085 2173 1168 2244 alic·

54 2309 123 2370 nos,
142 2307 227 2353 suae
242 2282 420 2353 Ecclesiae
442 2283 618 2373 applicare
641 2282 786 2374 ejusque
808 2282 1042 2374 patriarchae,
1068 2305 1168 2374 quem

56 2415 184 2462 summa
205 2391 341 2482 injuria
365 2391 401 2460 S.
428 2391 527 2461 Petri
550 2391 761 2460 auctoritate
793 2391 923 2480 pollere
954 2395 1166 2482 supponunt,

55 2523 119 2567 non
155 2498 294 2591 quidem
327 2497 495 2587 primario
529 2503 565 2567 11
598 2498 719 2567 nativo
740 2498 840 2587 jure,
866 2498 925 2566 sed
948 2520 1009 2588 per
1033 2497 1169 2566 modum

56 2605 320 2698 surrogationis,
347 2613 387 2674 ut
409 2605 605 2674 videbimus
627 2607 733 2674 infra.
751 2606 825 2674 Hoc
841 2611 957 2674 autem
976 2605 1028 2674 1111
1044 2627 1169 2676 111111

56 2721 191 2784 nostrae
213 2713 331 2797 officit,
358 2735 435 2782 cum
458 2737 521 2781 uos
545 2713 693 2783 hicnon
718 2715 918 2806 quaerimus
942 2713 984 2782 de
1015 2714 1169 2783 subiecto

57 2823 90 2890 in
112 2845 180 2914 quo
201 2820 354 2895 residere
386 2820 508 2889 debeat
539 2821 724 2911 primatus,
751 2822 811 2890 sed
834 2821 875 2890 dc
899 2821 975 2910 ipso
997 2821 1170 2912 primatus
1273 2812 1274 2820 ἵ

57 2931 196 3016 11111111,
221 2951 314 3014 nam,
340 2935 381 2998 ut
396 2929 483 2996 alibi
498 2928 710 3012 notavimus,
738 2929 960 2998 Schismatici
984 2929 1180 2998 orientales

59 3061 130 3107 cum
152 3039 195 3107 de
218 3057 351 3105 summa
374 3037 584 3123 auctoritate
607 3038 645 3104 iu
676 3035 837 3105 Ecclesia
869 3039 1041 3106 existente
1075 3038 1170 3106 theo·

58 3148 160 3214 retice
176 3146 380 3237 loquuntur,
399 3142 606 3212 catholicam
622 3143 847 3213 traditionem
868 3144 1020 3214 fideliter
1035 3166 1170 3235 reprac-

58 3260 205 3341 sentent,
232 3276 310 3322 cum
333 3259 448 3320 autem
473 3251 667 3319 subiectum
690 3251 798 3340 hujus
827 3251 1053 3320 auctoritatis
1083 3253 1171 3320 desi·

60 3383 162 3448 gnare
196 3361 343 3445 volunt,
376 3360 473 3427 modo
510 3359 695 3428 veritatem
731 3359 937 3428 catholicam
972 3361 1167 3448 proferunt,

61 3472 96 3534 ut
126 3465 335 3535 videbimus
352 3465 458 3550 111111,
491 3465 589 3533 modo
620 3465 845 3534 schismatica
877 3487 940 3532 sua
974 3465 1171 3536 conditione

61 3574 251 3658 obcaecati,
278 3574 464 3658 aberrant,
490 3579 548 3657 et,
576 3579 617 3640 ut
639 3579 693 3642 est
720 3596 789 3640 mos
813 3571 955 3640 illorum
986 3573 1047 3665 qui
1070 3579 1171 3643 extra

60 3679 230 3751 Ecclesiae
253 3680 445 3750 catholicae
471 3681 644 3750 unitatem
674 3688 870 3767 versantur,
898 3681 965 3750 sibi
997 3683 1170 3752 contradi·

63 3797 151 3857 cunt.

118 3899 203 3966 Post
219 3897 304 3966 haec
320 3897 544 3986 procedamus
561 3897 606 3966 ad
622 3895 845 3986 expendenda
859 3896 944 3966 haee
956 3896 1168 3980 testimonia,

64 4028 139 4094 quae
165 4005 337 4094 Syrorum
360 4012 396 4073 et
418 4004 669 4074 Chaldaeorum
694 4026 831 4072 sensum
849 4003 943 4072 circa
957 4003 1171 4094 perpetuita-

65 4117 121 4181 tem
144 4113 321 4204 primatus
347 4113 445 4182 Petri
467 4111 505 4180 in
531 4111 690 4181 Ecclesia
721 4111 881 4201 probant.
921 4109 1043 4192 Quoad
1069 4109 1171 4177 Chal·

65 4217 167 4306 daeos,
193 4223 229 4288 111
266 4243 382 4289 eorum
407 4219 539 4310 synodo
564 4220 627 4288 sub
650 4217 826 4288 Dadishoo
853 4217 1057 4308 patriarcha
1080 4237 1171 4282 auno
