3006 4672
276 107 320 170 60
621 127 660 168 ne
684 127 762 170 nom.
783 129 1046 174 conmemorare

280 237 412 302 nullam
425 255 527 322 super
539 237 714 325 episcopos
726 238 851 305 habere
868 243 1133 312 auctoritatem?
1144 246 1280 314 Deinde
1289 271 1409 314 nonne

281 344 405 412 Petrus
429 341 632 429 simpliciter
656 347 829 432 apostolus
854 355 1000 417 vocatur
1031 351 1126 419 sicut
1149 361 1185 420 et
1208 357 1317 423 ceteri
1343 380 1409 424 un-

281 451 389 518 decim
399 451 415 514 ⁴?
438 449 486 514 Et
508 457 620 516 tamen
644 458 775 542 quanta
797 455 984 542 Apostolos
1000 460 1227 545 auctoritate,
1240 462 1349 549 juxta
1366 486 1409 530 ea

282 579 367 646 quae
391 577 497 644 supra
519 557 681 642 vidimus,
697 561 948 628 antecellebat!

348 665 465 754 Igitur
500 665 659 733 Pontifex
694 668 870 735 Romanus
900 677 955 736 est
984 671 1021 737 in
1061 672 1407 762 Syrochaldaeorum

284 780 393 840 mente
416 772 547 861 primus
571 775 795 862 patriarcha,
822 777 874 843 ita
896 785 1013 845 tamen
1043 787 1085 847 ut
1114 783 1408 871 quemadmodum

283 880 468 970 unicuique
491 880 647 970 episcopo
671 883 779 950 omnis
803 883 878 971 ejus
902 885 1047 952 ecclesia
1071 889 1228 976 subjecta
1251 898 1325 974 est,
1355 894 1410 958 sic

283 1010 397 1055 omnes
427 989 576 1078 episcopi
607 989 668 1054 uni
700 991 863 1058 Pontifici
898 993 1051 1058 Romano
1085 997 1181 1063 Petri
1205 999 1409 1065 successori

284 1094 431 1182 subjecti
453 1118 525 1163 esse
549 1096 695 1164 debeant
718 1085 882 1183 (ΠΥ,
898 1097 1043 1184 zzz).
1071 1100 1161 1169 Sane
1185 1104 1216 1169 si
1242 1128 1322 1170 cum
1337 1105 1408 1170 Ec-

284 1201 390 1270 clesia
412 1225 521 1291 nuper
545 1210 628 1269 nata
651 1203 765 1272 adhuc
788 1205 824 1271 in
849 1207 1033 1274 cunabulis
1058 1215 1161 1293 esset,
1179 1211 1341 1299 indiguit
1367 1219 1410 1278 ut

284 1333 373 1379 unus
397 1311 488 1377 inter
512 1311 690 1380 duodecim
714 1312 898 1400 Apostolos
926 1315 1084 1383 «Petrus
1099 1317 1281 1404 regiminis
1298 1339 1410 1386 causa

284 1425 388 1506 caput
411 1418 681 1485 constitueretur
699 1446 714 1480 n
735 1419 920 1506 (ΙΙΙΙΒ),
947 1429 1078 1512 quanto
1101 1426 1214 1512 magis
1238 1425 1408 1514 deinceps

240 1593 243 1600 ,
284 1526 320 1594 id
336 1525 566 1593 necessarium
582 1547 654 1592 esse
668 1526 860 1610 dicendum,
876 1551 952 1594 cum
969 1528 1127 1597 Ecclesia
1143 1531 1246 1620 longe
1262 1533 1407 1624 lataque

284 1655 344 1722 per
368 1639 541 1700 terrarum
565 1634 679 1700 orbem
703 1625 833 1701 diffusa
856 1635 936 1723 plus
959 1635 1065 1703 habet
1094 1645 1254 1725 pastores
1266 1681 1278 1722 ,-
1300 1653 1408 1730 quem

284 1747 369 1810 tunc
391 1742 555 1829 temporis
579 1741 753 1829 simplices
776 1742 895 1810 fideles
919 1743 1146 1812 exsisterent?
1163 1746 1201 1813 Si
1221 1747 1407 1815 duodecim

284 1849 467 1939 Apostoli,
494 1850 663 1940 paucique
688 1851 747 1940 qui
771 1851 813 1916 ab
837 1851 882 1917 iis
899 1873 998 1918 sacra
1015 1852 1215 1921 hierarchia
1236 1854 1409 1943 insigniti

285 1964 406 2043 erant,
433 1982 538 2025 unum
563 1978 760 2046 supremum
783 1956 910 2026 habere
926 1959 1121 2026 debuerunt
1142 1968 1248 2049 caput
1263 1961 1308 2028 ad
1327 1963 1406 2028 uni·

285 2071 392 2132 tatem
416 2064 621 2131 servandam
644 2065 808 2151 (EEE),
834 2065 918 2155 quid
942 2066 1124 2134 dicendum
1148 2067 1189 2134 de
1208 2069 1407 2136 numerosis

285 2171 509 2240 ecclesiarum
531 2172 679 2261 Angelis
703 2173 867 2256 centenis,
893 2197 934 2240 ex
960 2173 1116 2243 omnibus
1140 2175 1344 2246 nationibus
1371 2179 1408 2241 et

287 2278 421 2367 linguis
444 2278 589 2346 electis?

354 2387 513 2454 Profecto
537 2387 608 2456 dici
631 2388 763 2477 nequit,
789 2395 830 2455 ut
853 2388 1013 2454 nonnulli
1037 2389 1246 2456 recentiores
1277 2389 1319 2456 de
1345 2411 1405 2455 an·

288 2495 398 2586 tiquis
412 2494 559 2562 ,Graecis
574 2495 664 2578 (sine
681 2494 737 2562 vel
754 2518 830 2562 cum
848 2495 1084 2578 fundamento,
1103 2495 1162 2563 hic
1178 2518 1246 2562 non
1262 2497 1407 2586 quaero)

289 2608 460 2683 asserunt,
477 2599 750 2689 Syrochaldaeos
766 2600 952 2668 credidisse
969 2623 1042 2668 esse
1058 2601 1095 2666 in
1110 2601 1269 2669 Ecclesia
1282 2603 1407 2670 debere

290 2717 438 2798 quatuor
463 2709 519 2776 vel
543 2709 660 2796 plures
681 2729 829 2774 summos
846 2707 1052 2788 sacerdotes,
1071 2708 1176 2775 titulo
1184 2710 1407 2796 'patriarcba-

290 2839 364 2880 rum
387 2815 584 2903 insignitos,
611 2813 748 2904 aequali
764 2819 934 2902 potestate
958 2813 1139 2900 pollentes,
1158 2801 1192 2880 et
1215 2813 1328 2880 solum
1354 2837 1406 2881 or·

291 2923 369 2990 dine
392 2922 551 3004 nominis,
570 2921 626 2989 vel
643 2921 747 2988 etiam
764 2919 904 2987 honoris
921 2919 1013 2988 inter
1037 2942 1073 2986 se
1096 2921 1311 3004 differentes,
1327 2945 1407 3012 quo·
1473 2927 1477 2934 '

290 3054 366 3100 rum
383 3030 619 3119 unusquisque
638 3051 733 3095 suam
757 3027 1097 3094 haberet'nationem
1121 3029 1188 3095 sibi
1211 3028 1406 3115 subjectam

290 3160 430 3229 eamque
443 3136 711 3225 independenter
723 3136 766 3201 ab
779 3134 860 3201 aliis
873 3135 1094 3222 gubernaret.
1110 3134 1260 3218 Etenim,
1277 3135 1407 3202 omissa

289 3268 381 3313 nunc
404 3244 553 3312 historia
576 3242 730 3332 priorum
755 3241 908 3331 quinque
932 3241 1143 3324 seculorum,
1170 3263 1257 3330 quae
1281 3240 1405 3329 hujus-

292 3352 382 3420 modi
405 3358 632 3420 commentum
656 3349 707 3416 alt
692 3355 727 3416 te
742 3349 955 3432 condemnat,
975 3347 1238 3435 Syrochaldaei,
1257 3355 1297 3416 ut
1314 3349 1405 3416 vidi·

292 3481 379 3542 mus,
406 3480 595 3548 supremam
619 3455 865 3524 auctoritatem
894 3477 980 3546 quae
1007 3455 1198 3524 Ecclesiam
1221 3455 1336 3544 regit,
1362 3479 1405 3522 ex

292 3564 427 3633 Chmstr
441 3565 664 3633 1nst1tut1one
680 3567 881 3652 repetunt
867 3557 982 3684 Q(Q
1001 3559 1106 3636 XX,
1122 3557 1246 3637 EGO,
1265 3559 1401 3636 ΕΕΕ,
1486 3599 1487 3664 ,

291 3671 442 3756 '.E'll'l')
467 3672 491 3737 J
493 3695 546 3738 am
570 3693 652 3740 vero
675 3670 793 3738 Christ
778 3677 836 3738 tus
859 3692 921 3736 um
910 3667 1043 3736 Petro
1067 3689 1259 3756 supremam
1283 3673 1402 3736 contu-

292 3777 337 3845 lit
366 3784 516 3868 potestat
518 3782 611 3863 em(
598 3775 719 3866 (QQ‚
740 3776 846 3856 XX,
864 3775 954 3854 M,
980 3780 1076 3860 eta).
1102 3775 1201 3841 Unus
1224 3796 1306 3862 ergo
1330 3797 1405 3843 esse

293 3886 392 3953 debet
415 3907 519 3952 verus
531 3885 624 3952 Pet
579 3891 627 3952 tr1
642 3907 828 3968 successor,
851 3889 886 3951 et
900 3887 953 3950 est
971 3882 1146 3949 Romanus
1155 3881 1329 3964 Pont1fex,
1345 3882 1404 3947 cui

292 4017 406 4062 omnes
421 3993 649 4062 ecclesiastici
666 3993 802 4060 ordines
819 3990 968 4078 subjecti
991 4011 1065 4057 esse
1089 3988 1213 4054 debent
1236 3983 1400 4073 (ΠΥ,

293 4100 438 4187 ΙΙΙ).
