3006 4672
301 101 344 168 62
647 125 687 166 nn
711 123 789 168 aon.
809 123 903 167 pour.
921 123 1068 168 rainero

302 235 495 302 deserentes
518 233 807 302 lutheranismum
819 234 876 301 vel
891 234 1132 302 calvinismum
1148 234 1299 324 amplexi
1315 234 1415 302 sunt?

303 341 391 424 Quis
414 341 556 430 negabit
578 342 807 409 Jansenianos
830 341 939 408 seculi
954 341 1079 410 XVIP.
1105 342 1166 433 qui
1182 347 1316 408 tantam
1342 364 1415 410 oon-

301 449 486 517 tnmaoiam
509 472 594 538 erga
617 450 809 538 legitimam
831 449 1008 518 Ecclesiae
1035 450 1277 517 auctoritatem
1302 456 1414 516 osten-

301 556 441 637 derunt,
456 557 544 624 hanc
568 558 811 624 auctoritatem
836 561 1050 645 perspectam
1071 579 1138 623 non
1161 557 1343 624 habuisse?
1356 557 1414 624 Ni·

302 664 427 730 mirum
450 661 540 730 illud
563 667 617 730 est
639 664 818 752 proprium
841 664 970 731 erroris
987 664 1234 754 cujuscumque
1249 664 1415 752 temporis

301 777 336 838 et
358 770 437 856 loci,
453 776 495 837 ut
518 792 632 838 secum
656 770 748 838 ferat
770 779 805 838 et
828 770 1135 839 contradictionem
1159 777 1196 838 et
1218 770 1414 838 absurdita-

302 885 372 946 tem
395 885 430 946 et
454 877 596 946 similia.

368 985 445 1074 Age
468 987 559 1052 enim
584 1006 665 1051 vero
696 984 765 1073 ipsi
789 985 988 1053 Nestoriani
1018 990 1054 1052 et
1076 985 1255 1053 Jacobitae
1278 985 1317 1052 in
1340 986 1417 1074 ipsa

301 1093 380 1160 fidei
406 1093 562 1176 materia,
579 1098 721 1180 propter
746 1115 848 1183 quam
872 1115 889 1160 e
913 1093 993 1160 sinu
1023 1092 1199 1161 Ecclesiae
1221 1093 1416 1162 catholicae

301 1223 336 1268 se
360 1199 592 1283 divulsernnt,
619 1199 835 1287 praeclarum
859 1199 966 1286 hujus
989 1199 1214 1289 proprietatis
1237 1224 1341 1290 qnam
1365 1223 1416 1267 er-

300 1331 357 1375 ror
381 1308 495 1391 habet,
511 1308 608 1374 nobis
632 1307 860 1396 suppeditant
883 1314 1137 1396 angmentum.
1153 1307 1242 1375 Nam
1258 1307 1316 1374 illi
1341 1307 1416 1398 qui·
1492 1339 1493 1354 ¹

299 1416 386 1498 dem,
402 1416 492 1483 idest
514 1415 726 1498 Nestoriani,
746 1417 897 1484 fatentes
920 1415 1076 1503 equidem
1095 1415 1119 1482 J
1120 1437 1214 1482 esum
1237 1415 1417 1482 Christum

298 1545 372 1591 esse
396 1545 501 1589 unum
524 1523 735 1612 eundemque
759 1523 824 1590 Dei
847 1522 958 1589 filium
982 1523 1414 1613 mundiqueSalvatorem,
1491 1547 1493 1580 r

299 1630 467 1698 effutiunt
488 1636 602 1697 tamen
626 1637 819 1697 asserentes
842 1653 919 1697 eum
932 1629 1018 1697 duas
1031 1630 1155 1698 habere
1168 1651 1345 1717 personas,
1362 1631 1414 1697 ita
1491 1687 1492 1706 ,

299 1736 496 1821 distinctas,
509 1742 549 1803 ut
564 1735 741 1803 Christum
758 1736 894 1826 quidem
907 1735 1078 1804 hominem
1094 1759 1112 1804 e
1130 1735 1332 1804 beatissima
1342 1735 1414 1803 Ma·
1490 1743 1492 1821 ξ

300 1843 354 1912 ria
366 1845 512 1933 Virgine
530 1851 650 1912 natum
667 1866 752 1929 esse,
772 1867 838 1911 non
856 1850 972 1912 autem
984 1844 1161 1912 Christum
1179 1845 1289 1912 Deum
1313 1844 1416 1912 eonfi-

298 1959 450 2038 teantur;
462 1955 546 2021 item
555 1975 631 2021 cum
638 1952 816 2019 Christum
829 1951 997 2020 hominem
1010 1960 1182 2020 mortuum
1195 1975 1271 2019 esse
1283 1974 1413 2042 nosque
1490 2017 1491 2022 ,

299 2060 482 2128 redemisse
495 2060 694 2143 concedant,
706 2059 884 2126 Christum
898 2060 1007 2126 Deum
1022 2067 1151 2147 negent
1162 2065 1336 2127 mortuum
1353 2081 1415 2147 pro
1491 2095 1493 2168 ³,

299 2166 397 2233 nobis
420 2189 506 2235 esse.
524 2167 571 2233 Hi
584 2173 710 2250 autem,
729 2167 864 2234 seilicet
885 2167 909 2233 J
910 2167 1076 2251 acobitae,
1091 2188 1297 2257 quamquam
1312 2165 1415 2254 profi·
1491 2231 1492 2258 ,

299 2280 439 2341 teantur
455 2273 479 2340 J
480 2297 575 2342 esum
592 2274 768 2342 Christum
782 2297 854 2342 esse
866 2275 1057 2363 perfectum
1072 2275 1182 2342 Deum
1205 2275 1415 2361 perfectum·
1491 2265 1493 2354 ‘J

300 2403 365 2472 que
388 2381 581 2464 hominem,
609 2382 898 2472 divinitatemque
921 2405 988 2449 non
1012 2405 1111 2471 posse
1135 2381 1231 2470 pati,
1258 2387 1415 2448 attamen
1492 2407 1493 2410 ¹

299 2512 366 2555 uon
390 2488 598 2556 erubeseunt
621 2510 773 2556 asserere
791 2511 868 2556 eum
891 2489 927 2555 in
951 2511 1021 2556 nna
1036 2511 1110 2557 esse
1132 2495 1272 2571 natura,
1295 2487 1349 2554 ita
1375 2494 1416 2554 ut
1492 2471 1493 2548 l

300 2596 414 2686 passio
430 2600 466 2665 et
488 2603 622 2664 ceterae
638 2595 868 2664 humanitatis
888 2597 1164 2686 imperfectiones
1181 2595 1250 2684 ipsi
1266 2603 1415 2663 naturae
1492 2601 1493 2644 l

301 2703 443 2796 divinae
465 2704 575 2772 tribui
600 2704 756 2771 debeant.

367 2811 487 2899 Igitur
509 2811 561 2878 nil
585 2810 709 2878 mirum
733 2817 797 2894 est,
824 2811 854 2878 si
878 2834 955 2879 cum
979 2810 1144 2879 Chaldaei
1174 2817 1209 2878 et
1232 2809 1318 2899 Syri
1343 2811 1412 2899 pri-

301 2925 432 2986 matum
455 2919 685 2986 Romanorum
708 2918 910 3005 pontificum
934 2928 1148 3007 perspectum
1164 2918 1343 3002 habereut,
1361 2940 1413 2985 eo·

301 3051 378 3096 rum
402 3033 516 3094 tamen
547 3026 647 3094 fidem
677 3033 713 3094 et
742 3028 1032 3111 communionem,
1066 3027 1196 3116 seipsos
1228 3027 1415 3094 enormiter

300 3136 575 3218 condemnantes,
602 3135 861 3225 dereliquerint.
882 3135 1004 3226 Itaque
1027 3157 1088 3202 nos
1105 3134 1232 3222 optimo
1246 3133 1328 3221 jure
1340 3155 1412 3222 pos·

301 3267 420 3312 sumus
444 3242 507 3311 hos
530 3242 722 3310 haereticos
745 3243 797 3308 ita
821 3243 1074 3331 perstringere:
1101 3241 1221 3310 Nonne
1251 3242 1413 3309 Pontifex

300 3351 474 3420 Romanus
497 3358 551 3419 est
573 3351 614 3418 B.
630 3350 728 3418 Petri
751 3369 938 3432 successor,
954 3350 1010 3418 oui
1033 3349 1070 3417 in
1094 3350 1250 3416 omnibus
1274 3373 1361 3440 qnae
1376 3349 1413 3416 fi-

301 3458 377 3527 dem
400 3466 436 3527 et
458 3459 679 3548 disciplinam
703 3458 971 3527 eeclesiasticam
995 3465 1156 3547 spectant
1178 3480 1292 3526 omnes
1315 3459 1412 3526 Chri·

301 3567 478 3649 stifideles,
504 3573 545 3632 ut
568 3574 687 3634 vestra
709 3573 926 3634 monumenta
942 3573 1013 3634 tam
1029 3567 1207 3636 evidenter
1222 3572 1409 3650 testantur,

301 3674 534 3760 obtemperare
558 3671 710 3740 debent?
734 3673 804 3742 Cur
827 3673 941 3762 igitur
966 3697 1026 3743 vos
1050 3673 1082 3742 ei
1105 3673 1334 3742 obedientiam
1358 3675 1411 3742 de·

300 3779 456 3867 negatis?
479 3777 539 3844 Illi
564 3800 646 3845 vero
671 3780 829 3848 stultitia
853 3805 916 3849 sua
939 3780 1120 3870 occupati,
1147 3779 1282 3847 nullum
1316 3781 1410 3848 aliud
1492 3789 1493 3826 l

301 3909 336 3954 se
359 3887 484 3954 habere
500 3907 699 3974 responsum
724 3895 861 3976 putant,
889 3893 1025 3977 praeter
1048 3887 1138 3956 illud
1161 3887 1250 3978 quod
1273 3887 1410 3956 Diosco-

300 4016 377 4061 rum
407 3993 641 4084 patriarcham
666 3994 955 4078 Alexandrinum,
972 3995 1138 4064 famosum
1162 3994 1409 4085 monophysiti-

302 4100 366 4167 smi
389 4105 520 4187 patrem
544 4108 579 4168 et
606 4101 789 4184 fautorem,
808 4101 877 4186 ipsi
892 4101 1157 4190 Monophysitae
1179 4102 1339 4170 referunt
1354 4101 1407 4170 de·

890 4647 1035 4658 W*—
1050 4313 1493 4670 -—-———·-··---]
