3006 4672
479 174 592 224 suumn
615 179 840 226 rnnscnnnur.
1178 151 1221 220 15

92 291 144 359 sui
169 289 351 380 evangelii
374 291 416 359 de
439 290 573 381 Caipha
596 292 722 361 ultimo
745 291 959 360 ludaeorum
983 312 1114 358 summo
1138 313 1220 380 pon·

86 400 185 468 tifice
207 399 330 482 refert,
349 398 444 468 huno
468 399 605 468 scilicet
628 424 733 489 super
750 399 951 468 cathedram
967 397 1084 487 Moysi
1101 399 1219 467 seden-

87 510 171 590 tem,
193 507 277 597 quia
300 506 362 573 illo
386 530 475 574 anno
499 509 624 576 summi
649 507 840 576 sacerdotis
857 507 1033 596 dignitate
1051 506 1219 594 fungeba-

88 619 164 696 tur,
190 613 297 680 etiam
321 635 397 681 cum
421 613 577 704 iniquam
593 616 748 704 proferre
765 613 906 682 volebat
922 614 1142 696 sententiam,
1162 635 1219 682 ve-

86 722 233 788 ritatem
256 721 523 809 pronunciasse,
550 723 674 813 utique
705 722 828 791 divina
860 722 1042 789 inductum
1070 721 1220 809 inspira-

86 827 198 895 tione.
217 827 256 896 Si
272 850 355 916 ergo
372 827 510 917 antiqui
529 830 679 897 foederis
697 829 894 918 pontificem
911 829 1098 896 maximum
1114 828 1220 896 etiarn

84 925 262 1002 nolentem
280 934 347 1002 imo
367 937 514 1024 pessimo
531 942 660 1004 motum
680 937 806 1021 animo,
819 937 956 1004 ratione
972 937 1050 1024 ejus
1066 936 1220 1005 muneris

84 1041 213 1110 divina
236 1042 446 1130 impediebat
467 1043 675 1111 assistentia
698 1066 741 1111 ne
760 1064 937 1110 erroneam
954 1044 1128 1132 proferret
1144 1065 1219 1109 sen·

84 1149 257 1232 tentiam,
284 1155 414 1238 quanto
438 1151 551 1238 magis
574 1152 658 1220 novi
686 1151 853 1235 foederiS,
881 1150 982 1239 cujus
1013 1149 1104 1217 illud
1128 1150 1219 1216 anti·

86 1279 197 1347 quum
215 1255 356 1323 nonnisi
372 1258 494 1324 umbra
511 1264 598 1342 erat,
613 1280 768 1326 summus
786 1257 944 1346 pontifex
958 1257 994 1324 in
1006 1257 1109 1323 rebus
1131 1279 1219 1346 quae

86 1385 270 1431 commune
294 1364 640 1454 bonumrespioiunt
667 1389 729 1455 per
762 1364 935 1432 auxilium
959 1363 1140 1447 divinum,
1166 1363 1218 1430 in·

86 1469 258 1536 fallibilis
288 1470 388 1539 reddi
418 1471 540 1539 debet!
572 1473 616 1538 In
640 1479 787 1563 utroque
810 1471 921 1555 enim,
947 1477 1036 1539 testa
1059 1470 1218 1538 Ecclesia

86 1577 369 1666 Syrochaldaica
402 1571 550 1668 (BR),
576 1580 671 1647 Deus
701 1579 897 1663 inhabitat,
926 1601 1083 1669 unusque
1112 1577 1217 1646 alteri

86 1683 232 1752 similis.
260 1684 299 1752 Si
317 1708 400 1773 ergo
416 1686 602 1755 secundum
618 1686 753 1755 Christi
770 1691 993 1774 praeceptum
1011 1685 1073 1772 (1),
1088 1685 1112 1751 J
1114 1685 1216 1753 udaai

85 1791 142 1858 ita
166 1791 300 1860 Scribis
323 1797 359 1860 et
373 1793 575 1862 Pharisaeis
590 1795 740 1882 subjecti
756 1815 830 1861 esse
846 1793 1028 1875 debebant,
1044 1797 1086 1859 ut
1102 1793 1217 1856 omnia

85 1923 320 1988 pataecamqae
354 1899 509 1966 dicerint
533 1904 632 1989 ipsis,
657 1925 791 1966 serame
813 1914 845 1965 ct
863 1900 985 1986 facere
1010 1912 1214 1979 terrerentur,

84 2009 211 2092 utpote
235 2005 296 2094 qui
320 2030 420 2094 saper
442 2005 636 2072 cathedram
659 2009 774 2094 Mopsi
796 2005 971 2086 sedelaat;
995 2010 1125 2094 quanto
1148 2026 1214 2070 ma-

85 2110 147 2198 gis
170 2108 366 2178 Christiani
388 2113 493 2180 Petro
517 2112 823 2202 sacerdotibusque
848 2110 908 2202 qui
933 2132 1036 2200 super
1060 2110 1138 2198 ejus
1159 2133 1215 2178 ca-

85 2216 251 2285 thedram
273 2217 412 2285 sedenti

157 2324 193 2393 4⁰
216 2326 356 2391 Petram
380 2329 546 2415 accepisse
569 2353 590 2393 a
615 2329 760 2393 Domino
785 2328 893 2393 claves
921 2327 1006 2392 coeli
1029 2341 1061 2391 et
1086 2341 1214 2408 terrae,

89 2433 186 2500 idest
205 2433 346 2520 plenam
366 2448 569 2523 potestatem
592 2435 746 2502 solvendi
770 2451 801 2500 et
825 2433 981 2523 lipaadi5
998 2436 1217 2524 laacqaepo-

90 2553 247 2606 testatem
270 2565 359 2631 qaae
381 2545 523 2630 respicit
541 2558 610 2608 tam
626 2547 820 2608 animarum
837 2567 951 2608 caram
968 2535 1034 2630 (Ε,
1051 2537 1130 2626 Β),
1148 2555 1218 2605 tum
1251 2575 1253 2582 v

90 2649 334 2713 auctoritatem
345 2648 488 2738 rependi
504 2664 535 2714 et
550 2647 768 2737 paderaaadi
782 2649 918 2716 Christi
926 2649 1047 2736 fideles
1067 2644 1128 2737 (0,
1145 2645 1213 2724 Μ,

90 2749 148 2831 ⁰,
166 2749 221 2842 Q,
237 2751 292 2834 Τ,
310 2752 361 2832 ΙΙ,
378 2753 488 2844 BR)
514 2781 575 2844 per
599 2759 739 2824 Petram
757 2759 794 2820 in
810 2756 1003 2822 Ecclesiam
1027 2755 1217 2822 derivatam

83 2861 204 2948 faisse
226 2859 294 2948 (Ε,
314 2858 381 2938 Μ,
403 2856 479 2941 Sa,
498 2861 550 2942 Ε,
572 2857 680 2942 M,
700 2860 811 2947 ΙΙΙ),
838 2867 934 2950 etc.).

162 2969 195 3033 5⁰
219 2971 358 3035 Petram
382 2995 404 3035 a
428 2969 566 3037 Otrtsco
591 2973 812 3036 constitutam
830 2970 946 3057 faisse
969 2973 1116 3036 ommium
1133 2969 1216 3060 fide·

92 3077 180 3140 liam
204 3074 292 3141 idest
316 3080 421 3142 totius
444 3077 622 3144 Ecclesiae
640 3092 835 3168 pastorem,
861 3094 1033 3160 rectorem,
1050 3079 1216 3168 paderna·

92 3198 210 3262 torm,
236 3206 443 3249 oeconomum
469 3179 535 3272 (Ε,
552 3181 621 3264 Μ,
639 3181 694 3264 ⁰,
712 3182 770 3264 P,
788 3183 850 3265 R,
863 3181 938 3273 Y).

162 3293 196 3356 6ο
220 3292 360 3358 Petram
378 3315 446 3358 esse
469 3293 665 3361 Sacerdotii'
684 3297 865 3384 oripiaem,
889 3317 950 3382 per
974 3317 1111 3382 eamque
1127 3291 1219 3357 illud

92 3401 131 3462 ia
155 3399 348 3464 Ecclesiam
372 3397 562 3466 derivatam
581 3402 697 3488 faisse
721 3396 788 3486 (Ε,
800 3397 851 3479 z,
866 3395 973 3478 M,
986 3395 1073 3478 (70,
1087 3393 1215 3486 BD).

160 3506 195 3572 7ο
219 3507 359 3572 Petram
382 3506 490 3573 sedem
515 3509 649 3574 Olristi
665 3512 702 3574 ia
721 3523 813 3572 terra
830 3531 1017 3596 occupasse,
1035 3505 1123 3572 idest
1146 3508 1220 3595 ejas

90 3617 179 3680 cices
193 3615 334 3700 pessisse
346 3611 477 3680 diverso
501 3615 596 3680 modo
610 3639 649 3680 ac
665 3629 788 3680 ceteros
805 3615 988 3703 Apostolos
999 3605 1217 3703 (Ulli).

90 3722 135 3787 In
159 3720 270 3808 priori
294 3720 418 3788 horum
441 3723 675 3811 exemplorum
699 3730 823 3811 aperta
844 3729 880 3790 et
903 3723 999 3791 clara
1022 3723 1151 3790 mentio
1178 3723 1221 3790 fit

91 3827 258 3916 specialis
282 3827 383 3895 Sedis
399 3829 509 3914 Petri,
529 3851 629 3919 quam
647 3831 754 3897 ceteri
769 3830 932 3920 Apostoli
950 3853 1018 3900 non
1034 3830 1217 3913 habebant,

91 3937 147 4002 ita
169 3939 213 4000 ut
235 3935 303 4002 duo
326 3958 369 4002 ax
392 3937 438 4003 iis
461 3944 603 4026 propter
634 3937 723 4005 hano
755 3959 894 4005 causam
925 3938 981 4004 illi
1012 3935 1217 4006 inviderint.

91 4049 136 4114 In
158 4045 273 4111 altero
296 4044 452 4134 exemplo
477 4044 646 4114 distincte
670 4044 803 4114 dicitur
825 4045 952 4112 Petrus
976 4044 1053 4110 ideo
1071 4041 1218 4130 Aposto-

163 4189 207 4264 (1)
227 4193 331 4245 satin.
345 4191 453 4246 xxrn.
470 4195 496 4245 2.
507 4192 534 4246 a.
592 4229 600 4240 .
