3018 4672
287 74 331 140 78
577 100 618 141 ns
640 99 774 142 sumnus
798 97 972 141 accursus
996 100 1122 144 carrrrs

289 209 527 277 Seleucienses
550 210 771 298 patriarchae
791 210 865 298 jam
888 211 1144 278 nestorianismi
1168 214 1258 281 facti
1281 219 1417 285 summi

287 317 481 400 antistites,
512 317 601 384 idem
626 319 663 384 in
685 325 840 385 extremo
863 316 1005 386 Oriente
1028 319 1145 386 moliri
1173 323 1413 412 susceperint,

287 430 480 512 temporum
503 424 640 514 quidem
665 425 921 492 conditionibus
949 427 1218 514 respondentes,
1245 435 1284 496 at
1306 431 1413 498 nulla

287 532 448 620 legitima
470 532 682 600 auctoritate
705 533 843 599 muniti.

770 738 803 810 ἓ.
823 730 925 798 VIII.

257 969 261 972 ,
333 903 460 969 Summi
484 903 663 989 Pontificis
685 906 853 967 senentis
877 901 946 966 toli
969 904 1095 967 virtute
1113 901 1278 990 praedito
1301 920 1371 985 est,

422 1025 461 1074 nt
483 1011 586 1096 nefus
608 1013 657 1075 sit
679 1011 722 1075 ab
746 1012 821 1097 ejus
836 1008 976 1097 judicio
999 1008 1046 1074 od
1068 1034 1279 1100 quemquam,

466 1121 570 1184 etiam
586 1117 632 1183 od
648 1118 813 1184 Generalis
829 1116 1022 1185 Concilium
1037 1119 1225 1206 appellare.

353 1291 453 1358 Hanc
486 1291 670 1357 veritatem
699 1313 741 1356 ex
772 1289 925 1378 primatu
960 1289 1200 1378 procedentem
1238 1289 1415 1358 Chaldaei

288 1404 521 1488 agnoverunt,
540 1421 617 1466 cum
633 1397 833 1486 hujusmodi
858 1398 993 1466 virtute
1017 1396 1147 1485 pollere
1171 1420 1271 1464 suum
1294 1399 1414 1486 patri-

288 1507 441 1588 archam,
460 1529 558 1596 quem
579 1528 640 1595 pro
656 1528 787 1572 summo
803 1527 886 1572 suae
906 1511 1021 1572 aeetae
1038 1505 1202 1572 antistite
1218 1505 1411 1589 habebant,

290 1614 505 1684 sollemniter
528 1614 757 1682 affirmarunt.
773 1613 814 1681 Id
830 1614 998 1681 dicuntur
1020 1613 1240 1702 praestitisse
1263 1614 1299 1680 in
1321 1638 1411 1702 syn-

290 1723 354 1790 odo
370 1721 601 1810 patriarchali
625 1744 647 1787 a
668 1720 843 1789 Dadishoo
859 1720 1063 1810 patriarcha
1077 1743 1167 1788 anno
1182 1721 1251 1788 430
1265 1721 1406 1804 habita,

215 1815 258 1986 u
292 1831 352 1898 ubi
377 1832 462 1898 haec
485 1832 649 1898 feruntur
672 1830 724 1916 (1)
748 1835 896 1896 statuta:
920 1830 1031 1896 «Non
1045 1829 1130 1897 licet
1144 1830 1313 1919 episcopis
1328 1853 1415 1897 con-

292 1947 386 2006 ntra
408 1962 510 2006 suum
534 1944 640 2026 caput
662 1923 849 2027 ducemque
866 1960 966 2004 suum
982 1936 1156 2023 synodum
1175 1937 1309 2020 facere,
1324 1959 1413 2004 cum

292 2073 308 2106 n
327 2045 459 2113 nullam
484 2047 521 2112 in
544 2045 659 2133 ipsum
683 2045 834 2112 habeant
849 2051 1066 2132 potestatem.
1087 2043 1210 2113 Sciant
1225 2068 1318 2132 ergo,
1333 2043 1412 2112 sibi

292 2179 307 2212 n
328 2153 427 2218 nefas
450 2175 525 2219 esse
549 2174 672 2220 manus
695 2175 776 2220 suas
799 2153 983 2220 extendere
999 2153 1043 2220 ad
1062 2153 1099 2220 id
1115 2154 1205 2244 quod
1228 2153 1415 2222 necaDeo

292 2286 307 2318 e
327 2281 436 2349 neque
449 2260 492 2325 ab
503 2259 702 2326 hominibus
719 2259 839 2326 datum
852 2259 940 2348 ipsis
955 2267 1065 2327 est...
1078 2259 1276 2328 Statuimus
1291 2260 1415 2350 igitur

291 2391 308 2425 n
326 2373 430 2455 atque
453 2365 665 2433 affirmamus
682 2365 792 2454 legem
809 2365 910 2450 hanc,
926 2387 1014 2456 quae
1025 2388 1211 2457 numquam
1224 2367 1261 2436 vi
1274 2389 1335 2435 sua
1353 2392 1416 2436 ca·

292 2500 307 2531 n
326 2473 441 2539 ritura
451 2473 520 2540 erit
532 2495 642 2564 neque
658 2473 985 2564 abrogabitur,quia
1001 2481 1123 2540 sancta
1138 2474 1314 2542 Trinitate
1330 2498 1414 2544 eam

291 2605 307 2639 n
326 2578 536 2668 sigillamus:
556 2580 605 2647 Ut
627 2603 689 2669 per
702 2582 845 2648 verbum
858 2581 1049 2648 Trinitatis
1065 2581 1194 2649 nemini
1210 2583 1265 2650 fas
1282 2583 1332 2650 sit
1346 2605 1414 2672 sy·

292 2712 307 2746 n
327 2687 454 2754 nodum
478 2695 601 2754 contra
622 2688 810 2756 Primatem
825 2689 1038 2776 (Seleuciae)
1062 2711 1183 2778 cogere
1198 2741 1206 2774 ,
1224 2697 1286 2758 aut
1308 2691 1415 2760 litem

290 2821 306 2854 n
327 2816 474 2876 movere,
490 2795 547 2861 vel
559 2798 676 2883 capita
691 2797 952 2864 accusationum
968 2797 1023 2864 vel
1040 2797 1259 2887 querelarum
1282 2803 1412 2866 contra

290 2924 402 2968 neum
427 2902 634 2970 scribere...
655 2903 721 2971 Sed
735 2905 807 2994 ipse
821 2905 1065 2972 auctoritatem
1089 2905 1415 2994 habeatjudioandi

290 3033 438 3077 »omnes
462 3011 521 3102 qui
546 3011 615 3100 ipsi
642 3011 828 3080 inferiores
855 3018 949 3098 sunt3
965 3011 1138 3100 judicium
1154 3021 1271 3081 autam
1294 3013 1413 3103 ipsius

289 3146 304 3179 n
323 3125 522 3186 reservetur
534 3118 685 3202 Christo,
700 3120 761 3210 qni
777 3120 891 3210 ipsum
906 3120 1027 3208 elegit,
1047 3120 1212 3204 elevavit,
1235 3129 1412 3212 caputque

289 3249 407 3295 »suae
429 3227 608 3295 Ecclesiae
632 3227 829 3295 constituit.
852 3227 910 3296 Sic
933 3228 1024 3295 euim
1047 3227 1188 3296 divinae
1211 3229 1289 3317 ejus
1312 3229 1411 3296 boui-

289 3361 305 3394 n
325 3335 393 3403 tati
410 3335 556 3424 placuit,
579 3339 621 3402 ut
640 3358 703 3423 per
725 3359 806 3400 scae
828 3335 1006 3402 Ecclesiae
1023 3338 1262 3426 principatum
1294 3337 1410 3403 creda-

290 3456 381 3506 ntur
405 3457 436 3507 et
461 3445 640 3508 honoretur
673 3444 879 3510 universalis
913 3445 986 3530 ejas
1022 3444 1234 3511 Dominotio.
1265 3472 1281 3506 n
1308 3446 1409 3514 Hauc

286 3550 397 3639 legem
424 3551 623 3618 canonistas
638 3552 829 3621 nestoriani
845 3551 882 3618 iu
898 3552 972 3620 suis
1001 3572 1170 3620 canonum
1197 3551 1409 3623 collectioni-

287 3658 352 3725 bus
369 3657 532 3726 retulere.

155 3787 252 3910 Dn
346 3765 451 3890 'Inte-r
462 3765 551 3833 alios
560 3765 767 3890 Benattibus
781 3769 831 3893 sic
843 3768 1045 3890 scripsit·(2)
1061 3792 1069 3834 ι
1084 3767 1187 3835 «Uno
1200 3769 1308 3892 verbq
1314 3769 1409 3858 judi.

289 3901 304 3936 n
324 3898 415 3944 olum
428 3873 567 3941 1llorum
581 3898 642 3966 qu1
655 3877 719 3943 sub
730 3899 769 3944 eo
781 3873 884 3960 (idest
896 3875 1118 3961 Patrrarcha)
1131 3876 1408 3966 suut,ad1psum

360 4018 399 4094 (1)
412 4021 479 4076 cod.
493 4022 612 4076 XXVII.
628 4038 693 4088 pag.
708 4023 770 4073 278.
792 4025 821 4074 et
839 4023 902 4074 281.
917 4025 948 4074 et
965 4023 1027 4096 282.

358 4108 399 4180 (2)
412 4111 478 4164 (lod.
494 4111 598 4162 XXlX.
615 4124 679 4174 pag.
694 4109 755 4160 382.
