3006 4672
469 167 514 218 ,111
536 160 641 208 rurae
665 162 818 210 ruuonrn
1018 203 1021 211 .
1164 136 1208 212 39

65 273 229 342 initium
253 296 452 361 sumamus,
478 277 517 342 hi
540 276 714 346 haeretico
744 278 875 368 spiritu
905 277 1026 362 ducti,
1053 300 1128 346 oum
1159 280 1208 346 ef·

65 379 288 464 futiverint,
314 382 502 450 Romanam
524 383 717 454 Ecclesiam
748 407 818 452 una
849 408 925 454 cum
949 385 1075 454 ceteris
1102 384 1209 453 eccle-

66 488 146 556 siis
171 487 439 556 occidentalibus
462 513 523 580 per
546 492 735 560 violentias
767 494 809 560 ab
842 492 1110 582 imperatoribus
1138 493 1209 582 ipsi

69 593 210 663 illatas
234 597 277 663 ab
301 597 492 665 orthodoxa
508 599 575 670 fide
592 601 780 683 aberrasse,
803 605 840 666 et
854 600 999 688 proinde
1021 600 1208 689 primatum

71 725 200 793 quem,
216 704 304 793 ipsis
327 705 523 774 fatentibus
552 712 593 774 ut
615 707 711 775 infra
735 707 949 792 videbimus,
976 729 998 772 a
1019 701 1124 775 Petr'o
1147 728 1209 796 per

68 810 281 898 legitimam
304 813 555 880 successionem
579 813 761 898 habuerat,
782 814 894 905 quoad
910 813 1116 882 exercitium
1140 814 1208 881 sal-

70 920 156 983 tem
180 939 385 1006 suspensum
410 919 535 1004 tuisse;
561 919 659 986 fatue
683 925 855 1008 putarunt
878 941 978 986 suum
1002 942 1129 986 novum
1150 943 1207 1008 pa·

71 1023 297 1108 triarcham,
323 1045 345 1090 a
368 1046 405 1091 se
429 1031 606 1109 creatum,
633 1025 786 1092 Romano
809 1025 972 1094 Pontifici
1002 1048 1100 1115 posse
1131 1049 1207 1094 sur·

72 1131 229 1219 rogari,
255 1131 398 1222 ejusque
421 1132 496 1201 loco
515 1132 598 1221 jura
622 1156 801 1222 supremae
825 1135 1010 1223 potestatis
1034 1155 1205 1202 exercere.

74 1237 302 1306 Recolantur
331 1239 438 1306 verba
470 1260 557 1328 quae
588 1239 626 1306 in
657 1239 856 1328 primordiis
888 1261 970 1308 suaa
1001 1260 1111 1309 novae
1141 1239 1206 1307 Ec·

78 1345 216 1414 clesiae
239 1345 277 1412 hi
301 1343 525 1414 Schismatici
550 1345 586 1414 in
611 1345 743 1434 synodo
771 1346 995 1435 protulerunt
1022 1340 1134 1434 (00)
1162 1348 1206 1414 ad

78 1451 357 1520 confirmandam
388 1473 429 1520 ac
457 1451 685 1518 roborandam
716 1453 771 1518 sni
803 1453 1025 1541 patriarchae
1049 1459 1207 1522 recenter

79 1559 249 1627 instituti
278 1581 404 1628 novam
433 1564 654 1648 potestatem,
685 1580 827 1649 eamque
852 1559 974 1627 divina
997 1560 1206 1628 anctoritate

79 1685 191 1756 quam
215 1664 378 1732 Christus
400 1665 506 1733 Petro
529 1665 645 1751 dedit,
672 1665 895 1734 fulciendam.
914 1666 992 1735 Non
1008 1667 1069 1734 abs
1086 1689 1123 1734 re
1139 1667 1208 1735 crit

78 1775 193 1842 etiam
222 1773 334 1842 denuo
362 1773 472 1841 citare
502 1774 609 1841 verba
631 1795 739 1862 supra
765 1766 890 1863 (RB)
915 1775 1040 1858 relata,
1060 1797 1146 1866 quae
1170 1776 1206 1842 in

79 1881 220 1971 synodo
250 1879 418 1949 Dadishoi
453 1881 677 1968 patriarchae
707 1881 802 1949 dicta
833 1886 937 1949 sunt:
971 1881 1206 1949 «Tradamus
1304 1875 1305 1878 ’

80 2015 98 2051 n
117 1989 363 2078 nosmetipsos
388 1987 604 2078 inquiebant,
631 1987 722 2054 omni
746 1988 869 2055 mortis
893 1987 1013 2076 generi
1028 2010 1091 2078 pro
1106 1992 1206 2077 patre

81 2124 97 2158 η
120 2101 158 2164 11
176 2095 338 2162 antistite
361 2101 491 2181 nostro,
512 2095 572 2184 qui
595 2101 650 2162 est
665 2099 782 2162 noster
798 2101 912 2162 rector
929 2103 964 2163 et
980 2095 1204 2183 gubernator,

81 2231 98 2266 a
119 2209 229 2294 atque
253 2203 403 2271 omnium
420 2202 542 2272 'divini
564 2202 724 2270 thesauri
749 2201 958 2275 divitiarum
974 2201 1204 2291 dispensator,

81 2337 98 2372 a
119 2309 269 2386 Domino
286 2308 463 2378 Dadishoo
487 2309 658 2377 catholico
675 2313 745 2396 (sco
760 2309 936 2398 primate),
956 2309 1017 2399 qui
1032 2309 1131 2376 nobis
1154 2313 1209 2375 est

80 2441 98 2477 n
120 2414 217 2483 alter
240 2413 436 2498 PETRUS,
454 2413 607 2482 CAPUT
631 2414 843 2500 reipublicae
858 2427 995 2479 nostrae
1007 2413 1207 2480 ecelesiasti-

80 2549 98 2584 n
121 2545 215 2592 caan
242 2520 355 2604 Quam
372 2520 493 2590 verius
509 2542 679 2612 quamque
695 2520 899 2610 pulcherius
913 2519 1019 2588 talem
1036 2525 1207 2609 protesta-

77 2631 214 2700 tionem
238 2649 323 2717 erga
344 2649 466 2697 verum
489 2634 525 2695 et
546 2625 744 2715 legitimum
766 2626 942 2695 Ecclesiae
965 2625 1090 2714 Caput,
1117 2649 1207 2694 sum·

79 2759 177 2804 mum
200 2735 398 2825 pontificem
420 2735 624 2820 Romanum,
642 2723 842 2825 proferrent
859 2733 1024 2821 catholici
1039 2733 1204 2823 episcopii

78 2843 231 2912 Interim
254 2863 295 2910 ex
318 2840 376 2910 his
399 2839 580 2911 evidenter
602 2847 709 2932 patet,
726 2841 952 2912 Nestorianos
969 2862 1135 2908 summam
1146 2862 1204 2929 po-

78 2955 247 3020 testatem
266 2972 335 3040 qua
357 2971 475 3018 eorum
505 2949 663 3018 Ecclesia
692 2950 903 3038 regebatur,
937 2972 979 3017 ex
1009 2948 1205 3039 primatiali

79 3061 258 3148 potestate
279 3056 389 3141 Petri,
410 3056 476 3124 etsi
502 3056 686 3141 immerito,
711 3057 930 3146 repetivisse.
948 3057 1005 3124 Ad
1028 3056 1064 3124 id
1088 3061 1204 3123 autem

83 3163 383 3248 confirmandum,
417 3163 601 3232 audiamus
625 3163 715 3254 quod
744 3163 781 3230 in
806 3165 938 3252 synodo
961 3161 1204 3230 Hannanishoi

81 3270 309 3364 patriarchae
331 3271 511 3338 1111111685
534 3271 657 3339 hahita
678 3271 854 3359 prolatum
877 3277 931 3340 est
954 3271 1016 3358 (l):
1045 3299 1061 3334 a
1086 3270 1204 3338 Ecole-
1236 3261 1414 3341 GGGb

84 3380 195 3449 asiae
219 3379 288 3446 filii
311 3382 463 3447 membra
486 3382 570 3448 sunt
592 3377 750 3463 Christi,
777 3379 838 3469 qui
861 3377 975 3446 fidelis
1001 3383 1056 3445 est
1079 3384 1115 3445 et
1137 3399 1205 3444 non

85 3517 99 3550 a
118 3489 278 3578 iniquus,
293 3488 415 3578 justus
431 3491 599 3556 etractus
615 3491 734 3555 etnon
757 3487 862 3554 habet
885 3485 1037 3554 membra
1059 3484 1205 3552 fraudu-

84 3624 100 3660 1
118 3597 219 3666 lenta
241 3601 277 3664 et
300 3595 444 3683 vitiosap
462 3594 523 3687 qui
539 3595 576 3662 in
593 3600 690 3663 terra
704 3600 839 3684 patrem
862 3599 898 3660 et
922 3593 1113 3684 prinoipem
1127 3615 1204 3660 con-

85 3731 100 3766 e
120 3703 256 3787 stituit,
275 3704 336 3794 qui
358 3709 413 3771 est
435 3702 535 3770 illius
559 3724 640 3791 pars
657 3706 692 3768 et
707 3700 914 3786 similitudo,
933 3705 1056 3790 estque
1078 3699 1205 3768 Petrus

84 3839 100 3874 a
118 3815 229 3902 caput
242 3809 444 3879 Duodecim.
464 3810 535 3892 Qui
552 3817 667 3878 autem
683 3809 721 3876 in
737 3808 802 3876 hac
818 3806 1013 3898 primatiali
1037 3806 1205 3875 cathedra

84 3947 100 3982 n
118 3918 229 4004 sedet,
248 3918 375 3988 Petrus
392 3923 457 4004 est,
478 3939 518 3986 eo
541 3915 636 4008 quod
654 3915 757 3984 Petro
785 3914 980 3984 hereditate
1003 3912 1201 3984 succedit...

152 4147 196 4222 (1)
215 4149 282 4202 oce.
295 4150 414 4204 xxvu.
431 4164 496 4216 pag.
510 4123 587 4199 eoas
