3018 4672
279 104 345 172 106
734 127 900 173 nrrnnnrx
916 127 939 169 r.
998 141 1003 148 ·

347 237 402 305 Ex
418 237 475 306 his
485 237 559 328 jam
577 241 698 328 sponte
721 237 803 307 fluit
819 239 903 330 quid
915 237 1099 307 dicendum
1122 238 1170 305 sit
1193 237 1235 306 de
1251 239 1404 327 patriar·

278 345 385 414 chatu
402 367 503 436 quem
522 343 624 414 hodie
639 345 832 415 Maronitas
847 352 980 432 tenent,
1000 345 1166 414 videlicet
1180 345 1283 413 illum
1303 345 1405 413 nullo

276 451 374 520 modo
397 450 469 519 dici
492 472 591 538 posse
607 473 649 519 ex
665 475 705 520 eo
720 451 877 522 derivari
894 453 954 544 qui
971 473 992 518 a
1007 453 1049 520 B.
1069 453 1173 520 Petro
1189 451 1404 520 Antiochiae

277 557 448 628 fundatus
466 564 532 643 est,
543 581 612 627 non
627 583 726 630 secus
739 582 791 646 ac,
806 566 848 628 ut
863 581 971 649 supra
987 559 1153 644 vidimus,
1172 581 1229 627 res
1245 581 1282 627 se
1298 558 1405 626 habet

278 667 390 758 quoad
414 665 585 756 Syrorum
616 674 653 736 et
682 667 933 738 Chaldaeorum
963 668 1238 758 patriarchatus.
1264 668 1405 736 Revera

277 776 368 844 enim
402 776 570 867 antiquus
597 799 638 845 ac
664 777 846 866 legitimus
872 776 1135 867 patriarchatus
1158 775 1405 845 Antiochenus

279 907 321 953 ex
344 906 383 954 eo
405 891 557 974 tempore
581 908 647 976 quo
670 887 829 955 haereses
863 884 1038 954 Orientem
1073 885 1332 969 dilacerarunt,
1366 889 1407 950 ut

278 1014 386 1084 snpra
412 993 637 1079 ostendimus,
656 995 749 1084 apud
775 992 961 1063 Melchites
991 991 1317 1080 conservatusfuit
1335 989 1404 1080 (1).

282 1255 408 1308 aiteram
427 1255 486 1310 suis
506 1257 609 1312 incolis
629 1260 658 1311 et
677 1257 844 1324 sequacibus
858 1256 948 1323 dedit,
964 1273 1024 1310 cnm
1044 1258 1076 1310 in
1096 1257 1160 1325 ipso
1173 1258 1265 1312 seculo
1278 1257 1312 1309 V.
1326 1255 1408 1310 illud

280 1346 443 1399 coenobium
463 1348 607 1400 monachis
626 1347 760 1401 floreret?

351 1435 376 1488 7.
398 1435 452 1488 Our
471 1451 505 1488 ex
524 1437 649 1490 infinitis
669 1437 813 1490 coenobiis
834 1453 903 1504 quae
924 1437 955 1489 in
969 1437 1086 1492 Oriente
1106 1437 1278 1501 existebant,
1291 1437 1408 1488 nullum

280 1525 338 1576 nisi
362 1525 441 1578 istud
469 1527 496 1579 S.
518 1527 642 1579 Maronis
661 1542 761 1580 nomen
787 1527 940 1592 religiosae
964 1530 1057 1580 sectae
1086 1525 1187 1579 dediti
1216 1527 1313 1578 Nonne
1331 1525 1409 1578 haec

281 1615 375 1666 omnia
395 1613 535 1682 indicant,
557 1616 637 1668 illius
657 1617 786 1669 coenobii
804 1617 913 1670 incolas
932 1620 1049 1684 propter
1068 1615 1184 1683 aliquod
1201 1617 1237 1667 vin
1260 1615 1407 1679 religione

281 1707 364 1771 caput
385 1701 538 1756 distinctos
561 1703 659 1771 fuisse,
682 1721 712 1758 eo
734 1709 858 1772 tempore
879 1721 932 1772 quo
951 1720 1051 1757 nomen
1072 1703 1147 1758 illud
1165 1704 1306 1756 invectum
1325 1701 1409 1756 ruit?

351 1793 376 1844 8.
399 1794 526 1860 Denique
547 1795 573 1846 si
586 1795 744 1848 Maronitas
764 1810 823 1848 cum
842 1796 970 1848 Ecclesia
989 1795 1116 1848 Romana
1135 1809 1244 1860 semper
1261 1792 1336 1844 uniti
1359 1808 1408 1845 ex·

282 1883 377 1948 titere,
400 1885 449 1949 qni
467 1882 572 1936 iactum
592 1887 636 1936 est
657 1883 730 1950 quod
749 1900 800 1952 per
812 1887 856 1937 tot
869 1887 964 1938 secula
982 1886 1089 1937 nullum
1108 1882 1268 1952 hujusmodi
1286 1881 1408 1935 unionis
1475 1905 1482 1922 ·

281 1972 444 2038 vestigium,
466 1988 501 2024 ne
520 1973 695 2026 levissimum
717 1973 837 2040 quidem,
855 1975 886 2026 in
900 1973 1087 2026 monumentis
1101 1973 1185 2040 hujus
1206 1971 1349 2024 Ecclesiae
1363 1971 1407 2022 in-

282 2060 434 2113 veniatur?
452 2059 528 2113 Aliis
548 2057 655 2127 verbis,
672 2063 697 2113 si
716 2061 837 2116 Romani
849 2061 998 2128 pontifices
1017 2062 1101 2128 hujus
1121 2060 1217 2125 gentis
1237 2073 1346 2126 semper
1361 2075 1409 2111 ex-

283 2147 407 2200 titerunt
425 2153 569 2216 pastores,
592 2150 726 2217 quomodo
746 2151 852 2204 iactum
877 2155 922 2202 est
947 2149 1020 2218 quod
1039 2153 1167 2216 pastores
1195 2164 1272 2201 sunm
1291 2157 1407 2213 gregem

283 2253 425 2304 nunquam
444 2243 640 2307 cognoverint,
652 2243 826 2308 primumque
847 2241 920 2308 quod
932 2244 964 2294 in
978 2243 1105 2294 Romana
1117 2241 1243 2294 Ecclesia
1263 2239 1409 2293 documen-

282 2329 341 2378 tum
360 2327 435 2380 circa
453 2329 535 2381 illam
555 2333 669 2394 gentem
688 2334 833 2396 occurrat,
855 2331 973 2384 nonnisi
999 2329 1091 2397 ipsius
1118 2328 1154 2380 ad
1173 2329 1328 2382 Ecclesiam
1347 2343 1407 2382 ma-

283 2417 353 2467 trem
371 2415 479 2469 referat
497 2419 710 2472 conversionem
730 2420 781 2472 snb
800 2419 968 2472 Innocentio
987 2418 1188 2471 III.‘tactam?

353 2506 379 2558 9.
400 2506 523 2560 Tandem
543 2522 599 2574 eos,
616 2509 664 2576 qni
684 2523 745 2561 cum
758 2507 911 2562 Assemano
924 2511 1033 2574 tenent,
1045 2508 1206 2561 Maronitas
1220 2509 1336 2574 propter
1347 2522 1407 2560 mo·

282 2594 447 2648 nothelismi
461 2597 606 2650 horrorem
619 2613 636 2649 a
649 2598 751 2650 ceteris
765 2597 956 2650 orientalibus
970 2597 1084 2665 populis
1098 2611 1128 2650 se
1142 2596 1303 2663 sejunxisse
1321 2592 1405 2662 (Bit.

285 2683 330 2733 Or.
347 2689 367 2737 t.
378 2688 403 2734 1.
413 2700 482 2750 paq.
497 2688 558 2737 507.
571 2686 623 2735 eol.
634 2685 671 2752 2),
688 2685 775 2737 amice
788 2686 905 2751 lacesso,
921 2687 954 2736 ut
966 2683 1068 2750 velint,
1085 2699 1120 2736 ex
1133 2686 1195 2739 tota
1207 2683 1346 2736 orientali
1360 2683 1405 2736 hi-

283 2769 382 2836 storie,
403 2768 470 2822 inde
489 2787 507 2824 a
524 2774 648 2838 tempore
668 2787 723 2839 qno
742 2772 976 2826 monothelismus
990 2772 1021 2823 in
1036 2771 1162 2824 Concilio
1182 2773 1232 2826 VI.
1253 2770 1404 2824 damnatus

283 2862 337 2926 est,
350 2858 421 2911 mihi
440 2859 567 2913 indicare
586 2875 669 2913 unam
689 2863 838 2916 ecclesiam
864 2864 948 2914 extra
966 2861 1172 2914 Maronitarum
1194 2864 1289 2914 castra
1312 2876 1405 2914 mono-

283 2949 425 3014 theliemo,
437 2951 469 3001 nt
481 2949 594 3002 haeresi
607 2951 756 3018 peculiari,
779 2950 923 3016 iniectam,
939 2965 1023 3002 unum
1038 2949 1197 3017 episcopum
1210 2964 1267 3003 non
1280 2949 1404 3003 Maroni-

283 3039 342 3091 tam
361 3037 411 3104 qni
424 3037 497 3092 hano
509 3038 649 3091 haeresim
662 3039 826 3106 specialiter
840 3037 1009 3105 defenderit,
1027 3036 1149 3104 deniqne
1168 3053 1252 3090 unum
1273 3039 1405 3106 populum

284 3126 383 3193 quiin
405 3141 455 3179 sua
475 3128 659 3180 conversione
681 3127 717 3179 ad
741 3128 896 3180 Ecclesiam
919 3127 1086 3180 catholicam
1106 3126 1235 3180 debuerit
1257 3127 1405 3181 Menotha-

283 3215 396 3272 lismum
415 3215 555 3283 abjurare,
575 3218 690 3283 praeter
708 3217 911 3270 Maronitarum
931 3217 1053 3281 gentem.
1119 3265 1120 3270 ,

355 3301 397 3376 (1)
416 3305 549 3372 'I'empore
569 3320 622 3372 quo
641 3307 767 3358 Joannes
786 3307 863 3359 Maro
883 3305 988 3358 dicitur
1007 3305 1114 3372 primns
1133 3304 1338 3359 Maronitarum
1357 3321 1405 3372 pa·

283 3391 409 3446 triarcha
426 3393 579 3448 institutus
598 3411 668 3462 esse,
690 3394 895 3449 Antiochenam
915 3394 1008 3448 sedem
1027 3395 1142 3462 pacifice
1161 3395 1345 3461 ‚ac'legitime
1365 3412 1406 3449 oc·

284 3483 405 3548 oupabat
423 3485 470 3535 vel
489 3483 685 3552 Theophanes,
707 3500 724 3536 a
743 3485 864 3538 concilii
877 3486 926 3538 VI.
944 3485 1116 3538 oecumenici
1130 3484 1266 3538 Patribus
1281 3489 1404 3552 creatus,

284 3571 331 3624 vel
345 3571 406 3638 ejus
419 3586 561 3624 successor
574 3572 722 3640 Georgius,
745 3588 828 3639 quem
841 3572 950 3625 Assem.
965 3573 1028 3639 ipse
1041 3571 1121 3640 (Bit.
1134 3576 1161 3626 J.
1176 3573 1223 3625 Or.
1235 3581 1254 3624 t.
1270 3579 1294 3627 ὅ.
1301 3590 1334 3639 p.
1349 3576 1409 3642 27.)

283 3659 403 3712 affirmat
420 3661 547 3724 legitime
570 3661 660 3716 inisse
680 3664 817 3728 electum,
839 3661 1022 3728 (lencilioque
1046 3661 1184 3714 Trullano
1204 3660 1332 3714 adfuisse
1353 3659 1405 3728 (a'b.

279 3763 311 3813 p.
321 3747 376 3816 33).
390 3747 433 3800 Ex
444 3764 475 3802 eo
487 3753 620 3817 tempore,
631 3753 725 3805 neseio
737 3767 790 3818 qno
801 3767 875 3804 anno
890 3754 919 3803 et
932 3766 988 3817 qua
997 3751 1110 3804 ratione
1121 3751 1221 3803 horum
1232 3765 1407 3804 successores

284 3837 490 3904 potueruntjua
500 3839 531 3890 in
545 3839 638 3892 sedem
646 3839 781 3894 Antioch.
793 3841 935 3907 amittere,
948 3844 980 3892 ut
993 3855 1086 3892 eornm
1095 3841 1155 3893 loeo
1168 3855 1270 3892 novam
1281 3840 1408 3906 patriar-

284 3926 398 3979 charum
408 3926 509 3980 seriem
520 3929 595 3994 erigi
605 3933 758 3997 oporteret.
768 3929 898 3983 Ueterum
909 3929 943 3982 da
953 3931 1038 3997 hujus
1051 3928 1349 3996 primiMarouitarum
1360 3945 1410 3996 pa-

284 4017 427 4072 triarchae
441 4017 605 4085 sanctitate,
620 4034 766 4086 perperam
785 4019 934 4072 contendit
947 4015 1069 4072 Revnius
1079 4033 1166 4085 aeque
1178 4035 1210 4072 ac
1224 4018 1409 4072 doctissimus

286 4105 317 4155 P.
331 4105 361 4157 P.
374 4105 491 4158 Maaaad
510 4107 613 4161 vivens
627 4107 830 4160 Maronitarum
843 4106 1009 4174 patriarcha
1027 4106 1058 4158 in
1079 4121 1128 4158 suo
1142 4122 1225 4174 opere
1238 4106 1353 4160 arabice
1366 4107 1411 4159 in·
