3006 4672
430 169 474 212 ux
491 167 628 212 noeros.
647 167 722 212 cnr.
741 166 856 212 onnon.
1159 143 1204 212 25

75 280 166 348 inde
189 279 280 348 idem
303 279 415 348 Moses
437 279 619 370 Barcepha
640 278 679 346 in
702 279 954 368 Eoplioatiooo
981 282 1204 347 coeremonia-

74 411 159 451 rum
185 385 423 454 ordinationis
446 387 495 474 (1)
519 387 697 476 explicans
713 387 804 455 illud
819 386 946 455 Joann.
964 387 1064 455 XXI.
1081 388 1202 455 15-17.

75 495 145 562 ubi
170 495 209 564 in
232 495 507 585 Syroohaldaica
530 496 689 564 versione
712 495 807 564 diota
824 497 981 563 Pertitto
1003 519 1065 586 pro
1079 496 1205 565 Graeci

76 601 175 692 ἀρνὶα
192 601 228 666 et
242 599 391 694 rupudiare
406 605 554 696 repetito
577 605 726 674 habetur
749 603 860 693 primo
883 591 965 689 ipset,
987 605 1080 674 idest
1103 609 1202 693 apori,

77 711 238 780 secundo
252 707 334 784 hia
348 711 412 781 hoo
424 719 478 781 est
494 715 630 796 arietes,
641 712 746 781 tertio
767 700 875 769 idtio
897 711 1032 781 scilicet
1045 737 1129 795 coeo,
1139 712 1203 781 ait:
1251 719 1260 738 ³

80 849 99 880 a
120 819 191 886 Per
214 844 320 908 opaco
344 820 481 911 quidem
504 819 678 908 intelligit
703 825 861 909 pastores
883 825 919 888 et
941 821 1118 910 praesides
1141 821 1205 890 Ec·
1232 851 1328 926 Ἡ

80 955 99 988 n
121 927 261 1012 clasiae,
280 949 384 1018 snper
407 950 492 1019 quos
515 929 588 1017 ipse
612 928 728 995 Simon
744 931 948 994 constitutos
965 943 1012 995 est
1027 951 1048 996 a
1061 928 1206 997 Domino

81 1063 99 1095 n
121 1057 187 1104 suo
203 1049 306 1124 caput
322 1050 354 1102 et
369 1051 534 1103 rectem...
552 1035 642 1104 Item
658 1057 719 1123 per
742 1059 849 1125 apocr
871 1035 1046 1126 intelligit
1068 1042 1207 1106 sanctos

81 1172 98 1204 o
119 1143 309 1233 Apostolos
323 1143 514 1229 duodecim,
529 1166 672 1212 necnon
684 1150 720 1212 ct
736 1143 962 1234 septuaginta
974 1145 1132 1232 duos3....
1147 1167 1207 1234 per

82 1281 100 1312 n
123 1254 250 1318 arietes
262 1257 377 1320 autem
390 1253 597 1336 sacerdotes,
613 1251 781 1335 doctores,
794 1251 985 1337 antistites,
995 1257 1202 1339 rectorem...

83 1388 100 1420 n
122 1360 271 1452 denique
284 1384 357 1426 over
368 1361 588 1450 nuncupavit
600 1366 738 1428 sanctos
751 1381 876 1450 greges
893 1359 1049 1428 fidelium
1066 1361 1206 1432 univer·

84 1495 102 1528 n
125 1468 251 1536 saliter
267 1475 457 1559 sumptos.»
475 1469 545 1536 Ubi
560 1474 643 1536 nota
658 1469 776 1552 etiam,
796 1490 863 1558 qno
880 1491 983 1537 sensu
1000 1469 1206 1559 intorpreta-

80 1587 147 1644 tur
171 1582 293 1645 euotor
318 1581 353 1644 et
374 1567 451 1645 cum
475 1599 514 1645 eo
531 1598 646 1644 omnes
663 1577 849 1666 scriptores
866 1575 1118 1666 Syrochaldaei
1134 1584 1207 1646 tres

80 1685 336 1776 pascendorum
361 1683 499 1768 classes,
525 1684 627 1752 iuxta
649 1683 842 1752 versionem
866 1682 1208 1772 Syrochaldaicame

82 1791 228 1861 Christo
251 1791 347 1861 Petri
371 1791 535 1881 regimini
559 1791 782 1860 creditorum.
801 1791 949 1860 Interim
972 1814 1014 1860 ex
1037 1791 1094 1858 his
1117 1792 1208 1860 duo-

81 1901 149 1968 bus
172 1900 261 1968 locis
284 1899 494 1988 colligimus,
513 1899 623 1988 Syros
639 1923 702 1989 pro
719 1906 812 1968 certo
827 1899 993 1982 tenuisse,
1014 1899 1046 1966 1.
1064 1899 1207 1968 Petrum

82 2006 197 2075 fuisse
213 1995 459 2094 Apostolorum
477 2028 539 2094 per
554 2005 689 2073 Christi
708 2005 966 2073 institutionem
982 2009 1089 2094 caput
1104 2012 1139 2074 et
1154 2029 1208 2074 re·

82 2121 215 2184 ctorem
231 2137 239 2200 ;
257 2113 291 2181 2.
311 2114 425 2204 ipsum
440 2113 624 2202 regiminis
647 2135 753 2182 causa
776 2135 797 2181 a
820 2113 962 2183 Christo
986 2119 1093 2203 caput
1115 2113 1207 2204 Apo·

82 2224 255 2292 stolorum
271 2223 499 2291 constitutum
517 2223 639 2307 fuisse,
651 2244 859 2314 quamquam
876 2223 913 2290 in
927 2222 1115 2291 sacerdotii
1128 2221 1206 2291 cha-

83 2337 222 2400 ractere
237 2329 313 2399 illis
336 2331 492 2422 aequalis
515 2336 617 2418 esset;
644 2330 677 2398 3.
697 2331 836 2399 tandem
859 2330 970 2420 ipsius
993 2352 1097 2400 curae
1119 2353 1207 2398 oom-

84 2441 212 2508 missos
234 2441 345 2508 fuisse
367 2446 443 2508 tum
465 2439 663 2530 Apostolos,
682 2446 757 2508 tum
780 2439 891 2508 cleros
915 2439 953 2508 in
976 2444 1207 2528 generatum

87 2549 236 2640 denique
260 2547 434 2638 simplices
456 2547 588 2618 fideles.
819 2541 820 2544 '

153 2656 312 2749 Denique
344 2656 435 2724 idem
462 2663 585 2724 auctor
616 2655 742 2722 ididem
766 2655 816 2744 (2)
840 2655 977 2746 inquit:
1006 2656 1208 2726 «Dominus
1239 2669 1318 2744 η

89 2769 244 2834 »noster
267 2763 334 2832 'soli
361 2765 464 2832 Petro
484 2764 587 2832 dixit:
613 2765 815 2849 Revertere,
842 2769 877 2832 et
893 2763 1056 2833 confirma
1079 2765 1208 2833 fratres

89 2878 217 2956 atnoe,
244 2871 326 2963 quia
349 2877 390 2940 tu
413 2893 449 2939 es
472 2871 589 2940 Petra.
616 2871 752 2954 Quibus
776 2872 894 2941 verbis
924 2877 1030 2962 caput
1061 2871 1208 2962 collega·

90 3007 106 3041 n
126 3003 205 3048 rum
229 2979 306 3068 ejus
328 2978 515 3048 constituit
537 3001 626 3065 eum,
656 2979 817 3072 quamvis
841 3002 955 3048 omnes
977 2985 1135 3069 pastores
1158 3002 1209 3047 es-

90 3115 106 3149 o
126 3093 227 3156 sento
243 3087 304 3176 (3).
319 3086 374 3155 Ex
387 3110 453 3179 quo
466 3089 612 3177 probaro
628 3087 720 3174 vult,
739 3111 937 3178 supremum
947 3087 1124 3158 Ecclesiae
1136 3089 1209 3154 An·

88 3195 242 3264 tistitem
262 3194 541 3284 jurisdictionem
565 3195 738 3265 divinitus
761 3195 888 3265 habere
911 3194 1016 3263 etiem
1039 3195 1077 3262 in
1093 3215 1209 3262 omnes

89 3305 268 3394 episcopos
291 3309 328 3371 et
350 3308 519 3393 pastores,
535 3309 577 3372 ut
600 3304 795 3372 videbimus
818 3303 925 3372 infra.

155 3413 234 3479 Non
257 3413 318 3478 abs
341 3434 378 3479 re
394 3420 447 3480 est
463 3411 567 3480 otiam
583 3413 738 3501 proferre
754 3413 860 3480 verba
876 3431 962 3500 quae
980 3409 1016 3478 S.
1035 3408 1210 3499 Ephraem

90 3517 333 3586 celeberrimus
356 3517 535 3585 Ecclesiae
559 3516 854 3606 Syroohaldaicae
871 3517 990 3585 doctor
1006 3515 1210 3586 aJaoobitis

90 3625 246 3694 refertur
275 3624 408 3692 dixisse
431 3624 469 3690 in
494 3647 648 3693 sermone
672 3624 772 3715 qu'em
796 3647 910 3694 coram
934 3625 971 3693 S.
989 3625 1122 3694 Basilio
1138 3623 1210 3692 Mo-

160 3823 203 3900 (1)
222 3826 288 3880 coo.
302 3827 443 3890 Storfioo.
465 3841 530 3892 pag.
544 3827 596 3878 184
608 3843 695 3878 cerro.

162 3912 204 3988 (2)
224 3916 291 3968 (lod.
305 3917 404 3984 Stans.
418 3931 484 3982 pag.
498 3916 549 3968 185
562 3907 645 3969 recto}
913 3985 918 3992 ·

160 4003 203 4078 (3)
222 4004 315 4059 Oodex
335 4021 352 4057 a
371 4004 493 4058 secunda
512 4021 595 4059 mann
614 4009 733 4075 propter
752 4021 882 4072 magnam
901 4003 1107 4069 antiquitatem
1120 4004 1208 4058 retor-

91 4100 193 4162 natus,
214 4111 362 4164 perperam
375 4096 462 4150 habet
478 4094 585 4181 (οοὼ
599 4091 663 4148 ms
677 4088 741 4184 <elo
758 4097 832 4166 quod
846 4099 957 4150 nullum
972 4116 1083 4158 sensnm
1097 4115 1208 4168 praese·

90 4183 163 4252 fert,
185 4201 237 4254 pro
259 4186 366 4264 &⁰³²³
389 4202 448 4237 ooo·
470 4177 547 4272 ³⁵¹⁰·
633 4225 636 4229 -
