3006 4672
21 44 148 63 nuru-'‘¹“-

473 173 516 216 ax
533 175 620 218 nisa.
638 174 771 217 urnae.
1137 148 1179 214 11

48 301 238 350 remanere
261 285 377 371 potest
399 285 478 371 post
499 286 553 349 tot
577 302 618 349 ac
633 285 704 348 tam
721 280 817 348 clara
832 278 1034 348 testimonia
1050 276 1182 367 aliquis

48 389 249 458 dubitandi
271 389 381 474 locus,
408 395 529 458 utrum
551 389 712 458 Ecclesia
726 386 1002 476 Syroohaldaica
1017 409 1085 454 non
1102 407 1181 453 can-

49 496 136 564 dem
159 497 335 586 acceperit
357 498 400 564 ab
422 496 605 587 Apostolis
628 495 710 564 fidei
733 494 958 568 traditionem
974 493 1069 562 circa
1091 493 1181 561 divi-

47 623 121 670 nas
146 603 203 670 sui
225 602 380 672 visibilis
402 602 540 692 Capitis
569 601 859 692 praerogativas,
885 623 925 670 ac
956 599 1055 666 illam
1078 620 1182 689 quam

48 709 218 779 Ecclesia
240 711 396 779 Romana
418 733 552 800 semper
574 711 732 800 professa
754 715 808 778 cst
829 715 866 778 et
887 709 1084 799 profitetur,
1110 709 1181 775 nisi

50 817 211 886 velimus
245 819 362 888 dicere
391 817 585 886 doctrinam
615 818 792 887 Ecclesiae
823 817 1121 907 Syrochaldaioae
1144 817 1181 884 in

50 925 122 993 hac
148 949 187 994 re
210 948 285 994 esse
308 927 400 995 forte
419 927 533 1015 magis
555 948 752 1015 expressam
774 930 811 993 ct
833 925 1041 993 fortioribus
1064 924 1182 994 verbis

52 1033 325 1121 significatam?
348 1035 512 1102 Profecto
538 1039 660 1103 sancta
682 1035 838 1101 Romana
868 1032 1027 1102 Ecclesia
1057 1033 1094 1098 in
1117 1053 1182 1099 sua

51 1160 161 1206 sacra
182 1139 337 1228 liturgia
359 1140 453 1208 haud
477 1141 603 1228 majori
619 1140 881 1229 magnificentia
895 1145 933 1208 et
948 1139 1182 1207 sollemnitate

53 1245 96 1312 B.
111 1246 260 1315 Petrum
274 1247 312 1314 in
338 1246 414 1335 ejus
428 1248 594 1316 natalitio
609 1247 665 1315 die
681 1248 845 1333 celebrat,
863 1269 966 1338 quam
983 1246 1074 1337 quod
1090 1245 1182 1314 vidi·

54 1375 134 1420 mus
150 1353 345 1422 Ecclesiam
357 1354 580 1424 Chaldaicam
596 1361 632 1422 et
643 1355 827 1444 Syriacam
844 1357 958 1426 facere
973 1355 1011 1422 in
1026 1353 1181 1442 ejusdem

54 1459 223 1528 laudibus
245 1461 451 1551 pangendis.

122 1567 175 1636 Et
196 1568 256 1636 hic
279 1569 558 1640 animadvertero
576 1570 694 1658 juvat,
719 1575 839 1638 textus
861 1594 883 1637 a
899 1569 998 1638 nobis
1014 1569 1182 1636 hactenus

58 1676 198 1760 citatos,
224 1675 293 1744 atsi
317 1676 361 1743 ad
384 1698 488 1746 unam
511 1677 720 1768 eandemque
743 1676 924 1765 originem,
950 1681 991 1744 ut
1013 1675 1100 1742 alibi
1123 1698 1181 1742 no-

60 1782 227 1866 tavimus,
252 1783 430 1851 referendi
453 1783 536 1868 sint,
563 1785 712 1852 duarum
742 1789 858 1852 tamen
887 1783 987 1850 nobis
1017 1783 1181 1850 exhibere

61 1889 299 1959 Ecclesiarum
324 1891 536 1976 testimonia,
561 1892 778 1962 abinvicem
802 1892 1063 1977 distinctarum;
1088 1889 1180 1979 quod

64 1999 224 2066 maiorem
248 2005 455 2088 argumento
477 2005 598 2068 nostro
621 2001 763 2089 praebet
778 2001 862 2086 vim,
882 2024 959 2068 cum
976 1999 1051 2068 sine
1074 1996 1180 2065 dubio

64 2104 207 2173 duorum
230 2105 468 2175 testimoninm
492 2106 757 2176 convincentius
780 2113 835 2176 est
857 2130 959 2197 quam
982 2105 1099 2174 unius.
1117 2102 1179 2170 Et·

66 2211 151 2279 enim
175 2211 365 2280 Chaldaica
387 2211 568 2297 Ecclesia,
594 2233 682 2304 quae
713 2219 847 2302 partem
877 2214 1050 2281 formabat
1073 2211 1180 2278 maxi-

67 2339 133 2386 mae
157 2319 316 2387 familiae
338 2319 557 2405 Aramaicae,
583 2320 664 2388 inde
688 2321 732 2388 ab
755 2320 859 2390 initio
876 2319 1008 2390 saeculi
1025 2319 1080 2389 VJ
1095 2342 1113 2387 e
1130 2343 1181 2388 ce·

68 2427 146 2494 teris
170 2427 357 2496 catholicis
371 2427 542 2496 Ecclesiis
557 2434 698 2517 propter
712 2428 869 2498 Nestorii
893 2428 1063 2497 haeresim
1079 2450 1115 2496 se
1132 2449 1181 2496 se-

71 2556 199 2619 parans,
226 2534 513 2624 independentem
536 2556 577 2602 ac
599 2541 819 2604 autonomam
843 2536 979 2604 omnino
996 2535 1183 2604 constituit

74 2641 131 2708 sibi
152 2642 407 2727 hierarchiam,
435 2647 472 2710 et
493 2644 543 2712 sic
576 2665 638 2732 per
662 2643 766 2732 plura
796 2642 936 2712 saccula
966 2642 1004 2709 in
1032 2642 1184 2736 maxima

74 2747 214 2819 Orientis
233 2755 333 2841 parte
348 2750 453 2836 vixit,
472 2751 540 2818 imo
555 2751 723 2820 citissime
746 2774 855 2842 usqne
871 2750 915 2818 ad
931 2749 1183 2820 remotissimas

75 2855 241 2930 indiarum
256 2863 293 2927 et
308 2858 473 2928 Sinarum
488 2860 648 2948 regiones
662 2870 868 2950 propagata,
886 2881 1052 2951 prospera
1067 2883 1108 2930 ac
1123 2862 1183 2930 flo-

78 2963 240 3034 ridissima
254 2966 433 3055 apparuit.
460 2967 517 3036 Ita
543 2989 626 3036 vero
650 2967 718 3036 sibi
742 2968 968 3038 sufficientem
992 2993 1028 3038 se
1051 2993 1183 3060 semper

35 3089 36 3098 ¹
80 3072 301 3160 existimabat,
314 3081 355 3144 ut
370 3076 489 3144 furore
504 3074 682 3145 haeretico
698 3082 804 3165 rapta
815 3099 883 3145 non
898 3083 1037 3146 tantum
1054 3083 1182 3146 cetera-

81 3198 141 3248 rum
152 3205 214 3271 per
230 3182 348 3251 orbem
362 3180 600 3251 Ecclesiarum
617 3183 886 3252 communionem
899 3184 1044 3269 vitaret,
1060 3207 1181 3254 verum

82 3285 165 3356 etiam
179 3289 318 3370 easdem
334 3289 550 3375 abhorreret,
576 3289 718 3381 altaque
735 3314 817 3360 voce
834 3297 875 3359 ut
891 3291 1087 3359 haereticas
1104 3313 1180 3359 oon·

85 3389 249 3466 damnaret.
264 3396 403 3467 Exinde
425 3397 689 3466 evidentissime
720 3403 839 3488 petat,
866 3398 955 3465 hanc
985 3397 1181 3466 Ecclesiam

85 3501 276 3594 traditiones
284 3527 372 3596 quas
387 3503 492 3572 habat
510 3505 749 3596 tenaciterque
765 3511 894 3589 servat,
910 3503 1009 3572 nullo
1026 3505 1124 3574 modo
1140 3508 1183 3574 ab

89 3603 147 3676 aliis
158 3611 327 3681 Ecclceiis
349 3613 506 3703 accipere
521 3612 689 3702 potuisse,
706 3613 839 3681 sedeas
857 3635 878 3680 a
892 3611 1085 3702 majoribus
1108 3614 1184 3682 suis

92 3715 258 3808 antiquitus
282 3719 458 3788 habuisse.
479 3719 579 3802 Quod
595 3721 627 3788 si
642 3721 707 3810 hoc
723 3721 836 3812 quoad
852 3721 966 3789 omnia
978 3721 1061 3790 fidei
1076 3742 1117 3789 ac
1133 3721 1183 3788 di·

93 3819 228 3910 sciplinae
245 3827 365 3916 capita
380 3849 502 3897 verum
518 3834 583 3913 est,
602 3828 712 3898 multo
729 3829 848 3898 verius
863 3851 937 3898 esse
953 3829 1055 3897 debet
1070 3827 1182 3919 quoad

97 3921 254 4001 doctrinam
278 3934 321 4004 de
344 3957 413 4025 qua
435 3935 594 4025 agimus,
621 3957 762 4005 cumea
785 3936 897 4005 statui
922 3936 1122 4006 schismatis
1145 3935 1184 4001 in

99 4052 140 4117 quo
161 4041 229 4110 ista
262 4041 423 4112 Ecclesia
454 4044 683 4128 versabatur,
717 4043 854 4112 omnino
889 4043 1068 4112 contraria
1090 4047 1180 4110 crat.

101 4137 163 4214 Alco
181 4172 265 4220 vero
289 4150 377 4240 ipsis
399 4151 586 4221 Chaldaeis
613 4173 675 4221 seu
697 4150 919 4222 Nestorianis
946 4151 1003 4220 vel
1026 4153 1069 4219 ab
1093 4149 1182 4218 anti-
