3006 4672
565 167 801 215 PROLEGOMRNA
911 172 913 174 ’
1058 167 1059 174 ’
1194 171 1242 215 XV

117 307 236 364 causa
262 307 357 388 quae
385 285 439 362 eis
467 287 590 380 nocet;
613 284 877 366 catholicorum
896 289 1021 365 autem
1038 287 1262 366 Doctorum

116 415 293 490 veterum
318 410 394 489 iarn
421 413 513 490 satis
542 411 707 490 exhibita
731 412 781 490 sit
799 413 983 493 sententia
1000 397 1067 519 per
1084 437 1130 492 ea
1147 438 1241 516 quae

117 537 381 641 protulerimus
408 562 454 615 ex
480 537 584 616 libris
603 538 798 644 liturgicis,
822 540 887 643 qui
906 537 1073 644 ipsorum
1092 538 1241 642 scriptis

118 662 289 740 maxima
315 688 362 741 ex
388 667 495 768 parte
523 668 709 744 constant.
739 666 913 746 Ceterum
942 667 1007 771 qui
1025 668 1238 744 accuratam

120 790 287 880 omniurn
304 790 438 868 horum
455 791 675 894 scriptorum
693 792 867 870 notitiam
884 793 1021 872 habere
1040 793 1233 888 desiderat,

121 916 232 994 adeat
259 917 458 1014 Assemani‘
479 917 757 1028 Bibliothccooc
780 917 1039 1008 orientalem,
1069 919 1132 997 ubi
1159 936 1239 1022 pre·

119 1042 236 1121 tiosas
263 1067 352 1122 sane
369 1044 413 1122 de
426 1043 584 1147 singulis
605 1045 788 1148 plerisque
805 1070 917 1149 supra
934 1047 1158 1126 memoratae
1174 1044 1238 1122 tri-

121 1167 230 1272 plicis
258 1169 386 1248 classis
414 1171 601 1251 codicibus
622 1171 787 1250 inveniet
811 1149 981 1252 notitias
1260 1163 1262 1168 ¹

193 1295 288 1374 Fere
320 1299 444 1377 autern
470 1297 594 1409 omnia
628 1296 741 1401 huJ‘us
775 1298 944 1402 triplicis]
964 1298 1092 1377 classis
1127 1299 1238 1375 docu-
1251 1318 1356 1426 correp
1372 1307 1466 1422 tlt

122 1422 261 1516 menta,
294 1409 567 1524 quae'sensum
590 1419 778 1500 Ecclesiae
810 1421 1113 1525 Syroohaldaicae
1140 1384 1311 1500 circadiis
1348 1387 1489 1489 diarria}

111 1545 228 1622 xPetri
247 1547 403 1650 ejusque
421 1571 673 1628 successorum
690 1549 891 1652 primatum
908 1549 1015 1629 nobis
1033 1551 1232 1645 testantur,
1251 1523 1302 1560 ω’

121 1670 231 1749 hausi
256 1695 323 1775 pro
350 1672 420 1750 hac
446 1697 529 1751 mea
555 1674 831 1775 elucubratione
858 1699 904 1751 ex
922 1675 1105 1753 ditissima
1123 1698 1239 1777 aeque

123 1809 167 1874 ac
193 1783 458 1900 pretiosissima
477 1800 707 1879 Bibliotheca
724 1789 959 1879 vetustorum·
972 1801 1239 1906 copiosissimo-

122 1947 280 2026 rumque
305 1925 470 2003 codicum
497 1927 849 2032 manuscriptorum,
872 1935 962 2029 quos
987 1907 1054 2030 per
1070 1930 1147 2004 tres
1165 1926 1241 2003 ela-

122 2071 211 2155 psos
238 2066 355 2127 annos
388 2051 534 2153 magnis
567 2051 774 2156 sumptibus
801 2051 1026 2153 summisque
1052 2049 1240 2132 laboribus

123 2199 146 2250 a
173 2196 234 2250 me
261 2171 300 2268 S.
318 2173 614 2279 Congregationi'
633 2176 677 2254 de
702 2175 949 2281 Propaganda
975 2175 1064 2254 Fide
1091 2175 1132 2253 in
1159 2176 1241 2254 Me-
1266 2183 1295 2202 ²

123 2299 348 2401 sopotarniae
379 2301 544 2404 partibus
566 2303 788 2406 acquisitos,
816 2327 916 2382 anno
948 2301 1129 2405 superiori
1160 2301 1265 2380 Rc·

125 2449 225 2502 marn
252 2426 371 2523 attuli,
391 2429 429 2504 et
445 2428 486 2505 in
504 2428 762 2528 bibliothecam
783 2428 891 2530 illius
910 2428 949 2508 S'.
972 2427 1240 2532 Congregatio-
1355 2483 1358 2491 -

124 2550 184 2627 nis
210 2551 319 2653 jussu
350 2549 435 2628 nni
461 2577 505 2629 ac
532 2553 667 2632 Revriri
699 2553 808 2632 Oard.
838 2553 1040 2635 Alexandri
1067 2552 1239 2629 Barnabb

125 2677 291 2778 ejusdem
309 2675 349 2756 S.
362 2676 666 2783 Congregationis
684 2680 868 2758 Praefecti
880 2679 1047 2782 deposui3
1062 2671 1240 2781 quorum-

127 2827 196 2906 que
214 2802 403 2908 catalogus
419 2827 519 2900 mox,
538 2805 616 2884 Deo
634 2805 850 2909 opitulante,
869 2805 909 2884 in
925 2805 1045 2882 lucem
1062 2802 1232 2908 prodibit.
1259 2805 1261 2810 ’

195 2929 279 3033 Age
296 2954 396 3026 vero,
420 2933 612 3009 auctorum
639 2956 731 3035 quos
758 2933 799 3010 in
825 2934 896 3012 hoc
922 2931 1105 3036 opusculo·
1123 2930 1238 3008 citare
1278 2943 1368 2993 versio
1384 2942 1465 2990 latina

1252 3008 1365 3055 locorum
1380 3006 1465 3054 citato-

128 3054 251 3170 datum
277 3057 359 3150 est,
391 3055 603 3135 testimonia
637 3059 762 3136 omnia
797 3085 864 3163 per
899 3060 1107 3137 versionem
1134 3057 1235 3132 Lat1·
1251 3082 1465 3193 ffiqseoffie

127 3207 213 3260 nam
241 3181 502 3278 fidelissimam,
526 3186 564 3263 et
581 3187 761 3286 quantum
779 3185 859 3264 fieri
876 3187 1000 3289 posset
1020 3181 1230 3276 litteralem,
1250 3197 1297 3246 les·

127 3309 298 3387 exhibere
325 3312 479 3387 conatus
496 3334 591 3388 sum.
614 3311 669 3388 Ne
688 3313 812 3388 autem
829 3309 1048 3414 paginarum
1065 3306 1239 3384 ordinata

120 3439 165 3518 ,et
191 3434 372 3514 concinna
394 3438 543 3514 textura
570 3435 821 3540 impediretur,
843 3438 967 3514 textus
993 3435 1092 3538 ipsos
1110 3431 1239 3510 nativa

128 3562 266 3664 lingua·
281 3561 513 3664 propriisque
539 3561 672 3639 litteris
699 3563 880 3656 exaratos,
902 3561 998 3639 idest
1011 3557 1234 3653 Chaldaicis,

67 3705 69 3712 '
130 3686 304 3789 Syriacis,
337 3685 397 3764 vel
423 3709 688 3791 nonnunquam
715 3685 826 3764 etiam
858 3685 1055 3781 Arabicis,
1089 3685 1135 3762 ad
1166 3683 1241 3762 cel-

129 3836 207 3889 cem
224 3811 309 3889 libri
326 3835 401 3888 uno
427 3806 506 3890 loco
533 3809 696 3907 exhibui,
723 3813 834 3914 juxta
862 3810 1048 3890 citationis
1075 3808 1239 3888 ordinem

121 3938 338 4043 dispositos.

198 4063 366 4165 Denique
393 4065 592 4166 antequam
619 4063 711 4141 haec
737 4063 1006 4166 Prolegomena
1032 4059 1233 4156 absolvam,
1254 4057 1408 4170 nilum
1424 4069 1489 4118 va,

129 4189 285 4298 supplex
310 4213 401 4294 rogo
419 4189 613 4271 benevolos
635 4191 820 4285 Lectores,
843 4192 886 4266 ut
903 4186 1108 4291 indulgenti
1131 4184 1240 4264 venia
1282 4135 1312 4172 ω
1327 4123 1426 4182 pem
1488 4147 1489 4170 ¹
