3018 4672
307 125 373 194 114
762 147 922 190 nrrsrnrx
938 147 961 190 1.

307 259 506 343 canonibus,
525 259 561 326 in
584 257 793 342 hierarchia,
820 257 856 325 in
880 255 1075 326 obedientia
1098 275 1277 346 supremae
1305 261 1417 325 aucto·

306 367 409 434 ritati
427 365 555 451 debita;
582 365 687 432 etiam
709 364 747 431 in
769 365 872 432 rebus
895 363 1189 448 indifferentibus,
1209 368 1251 431 ut
1275 369 1359 432 sunt
1373 365 1417 432 ri·
1489 409 1490 454 ,

307 478 366 542 tus
381 479 417 542 et
433 472 574 559 similia;
590 472 727 540 nullum
743 472 834 539 enim
850 471 1036 541 discrimen
1049 471 1161 563 quoad
1174 493 1347 540 summum
1362 493 1417 540 au·
1489 479 1490 530 l

307 579 486 648 ctoritatis
509 577 717 668 principium
733 579 966 667 agnoscebant
981 577 1009 646 ii
1024 579 1116 648 iuter
1137 578 1229 646 hunc
1246 577 1417 648 velillum
1489 603 1490 608 ¹

306 687 480 778 populum,
494 687 588 756 inter
611 687 700 755 hanc
723 686 778 755 vel
796 686 894 754 illam
910 687 1097 776 regionem.
1113 685 1289 755 Nimirum
1302 686 1419 776 ignota

307 801 385 864 erat
414 795 602 884 majoribus
626 795 755 863 nostris
779 795 874 862 notio
901 795 967 862 illa
997 794 1173 864 Ecclesiae
1200 792 1415 886 tolosipetas,

307 927 408 995 quam
422 902 581 971 nonnulli
598 903 655 971 vel
671 903 763 971 inter
779 903 873 992 ipsos
896 901 1085 972 catholicos
1108 902 1273 972 invehere
1298 925 1417 972 conan-

306 1018 389 1096 tur;
414 1010 443 1077 ii
473 1009 562 1079 enim
593 1009 732 1077 nonnisi
760 1032 867 1078 unum
890 1009 1125 1100 episcopatum
1154 1012 1417 1100 cognoscebant,
1490 1027 1491 1058 ³

308 1117 370 1186 uni
394 1139 523 1185 summo
546 1116 709 1185 Pontifici
732 1117 926 1209 aequaliter
949 1117 1156 1206 subjectum.
1490 1113 1491 1118 ’

373 1225 516 1294 Cessent
527 1225 638 1316 igitur
652 1224 711 1316 qui
724 1227 962 1291 incrementum
978 1227 1200 1292 auctoritatis
1217 1225 1320 1294 Sedis
1332 1227 1420 1316 Apo-

308 1332 450 1401 stolicae
473 1331 675 1414 formidant,
694 1336 830 1399 cessent
845 1331 944 1400 nobis
959 1337 1160 1422 praetexere
1178 1330 1422 1402 Schismatico-

307 1465 385 1510 rum
409 1439 675 1509 conversionem.
702 1438 925 1508 schismatici
952 1439 1044 1508 enim
1074 1440 1263 1510 orientales
1294 1443 1423 1510 exerci-

308 1550 396 1617 tium
420 1567 571 1615 summee
595 1546 816 1615 auctoritatis
841 1547 960 1638 Papae
981 1549 1128 1616 Romani
1150 1571 1219 1616 non
1233 1548 1420 1634 mirantur,

309 1655 369 1724 sed
392 1678 409 1722 e
434 1660 554 1723 contra
577 1656 825 1744 obstupescunt
848 1678 925 1724 cum
949 1655 1093 1724 videant
1114 1657 1244 1746 Papam
1266 1661 1424 1726 nostrum

311 1763 424 1829 minus
448 1783 606 1830 exercere
630 1761 851 1831 auctoritatis
875 1761 912 1829 in
935 1761 1143 1844 Catholicae,
1159 1762 1220 1853 qui
1242 1767 1424 1852 tantopere

213 1869 216 1876 '
311 1869 447 1938 unitate
470 1869 681 1958 glorientur,
700 1891 802 1959 quam
825 1869 978 1958 ipsorum
1002 1868 1242 1937 Patriarcham
1261 1869 1298 1936 in
1316 1869 1421 1960 ipsos.

310 1977 436 2046 Adhuc
459 1976 548 2044 enim
566 1976 787 2046 Schismatici
801 1999 869 2044 non
884 1977 1073 2045 audierunt
1084 1977 1214 2044 Pontii.
1230 1977 1424 2046 Romanum

309 2083 417 2152 alicui
439 2083 595 2173 episcopo
618 2084 836 2172 prohibuisse
852 2083 945 2172 ipsas
960 2083 1242 2173 presbyterorum
1258 2087 1295 2151 et
1311 2084 1424 2153 diaco-

310 2214 432 2259 norum
455 2190 689 2259 ordinationes
712 2193 837 2260 facere.
864 2189 1115 2260 concludamus
1137 2189 1264 2280 igitur,
1286 2190 1424 2260 nullum
1492 2229 1493 2232 ¹

310 2303 552 2388 argumentum
566 2322 628 2388 pro
643 2298 718 2367 illis
734 2298 915 2367 catholicis
931 2298 1095 2382 militare,
1114 2297 1176 2390 qui
1190 2298 1333 2367 nonnisi
1347 2322 1424 2368 cum

311 2405 564 2475 conditionibus
587 2412 624 2474 st
646 2405 915 2474 limitationibus
939 2427 1132 2495 supremam
1155 2405 1289 2496 Capitis
1304 2407 1424 2477 Eccle-

310 2514 382 2582 siae
405 2518 611 2603 potestatem
634 2535 819 2603 agnoscere
847 2513 994 2599 volunt,
1024 2513 1167 2604 ipsaque
1190 2513 1424 2582 Romanorum

310 2621 514 2692 Pontificum
538 2622 637 2690 abuti
661 2628 800 2692 tentant
822 2622 882 2712 pie
904 2643 944 2690 ac
968 2621 1118 2712 sapienti
1141 2620 1421 2712 dispensatione,

311 2735 353 2798 ut
376 2729 518 2798 illorum
540 2730 701 2800 minuant
716 2729 974 2800 auctoritatem.
1493 2811 1494 2816 ἵ

376 2837 554 2928 Numquid
577 2839 668 2906 enim
697 2861 773 2907 cum
803 2837 988 2906 Pontifices
1018 2835 1166 2906 Romani
1196 2858 1238 2904 ex
1269 2837 1422 2928 benigne

311 2968 374 3014 sua
397 2945 617 3034 indulgentia
647 2946 785 3036 populis
816 2946 947 3060 nostris
978 2943 1247 3034 Syrochaldaeis
1277 2942 1425 3034 elargiti

310 3061 403 3136 sunt,
415 3058 457 3122 ut
472 3059 592 3122 contra
608 3053 791 3145 antiquum
807 3075 945 3136 morem,
963 3053 1031 3121 imo
1047 3056 1169 3121 contra
1184 3059 1332 3120 canones
1348 3053 1423 3143 qui-

310 3165 374 3230 bus
398 3162 424 3230 ii
447 3166 626 3251 tantopere
650 3160 869 3246 innituntur,
895 3159 1029 3250 singuli
1053 3161 1154 3228 suum
1184 3159 1337 3228 habeant
1354 3185 1420 3249 pa·

311 3272 508 3349 triorchem,
533 3268 712 3360 numquid,
731 3267 882 3360 inquam,
902 3269 938 3336 id
962 3268 1146 3336 Pontifices
1174 3266 1298 3334 summi
1321 3289 1419 3356 prae·

310 3379 449 3460 stitere,
477 3385 517 3446 ut
545 3377 582 3444 in
613 3377 781 3445 exercitio
804 3375 1016 3445 universalis
1038 3375 1216 3445 Ecclesiae
1237 3374 1423 3462 regiminis

310 3509 432 3553 manus
457 3507 538 3552 suas
561 3484 728 3574 ligarent,
753 3483 1056 3572 limitesquc'suae
1079 3480 1245 3571 potestati
1271 3480 1341 3570 ipsi
1363 3504 1421 3570 po-

308 3600 447 3674 nerent,
473 3614 575 3682 quam
598 3614 661 3659 nec
687 3591 761 3679 ipss
784 3589 947 3658 Christus
976 3591 1062 3658 ullis
1085 3587 1259 3680 limitibus
1281 3594 1422 3677 praeter

309 3699 437 3766 Verum
461 3719 501 3766 ac
523 3699 656 3766 Bonum
684 3697 974 3767 circumscribere
988 3696 1124 3766 voluit?
1146 3695 1286 3764 Etenim
1309 3716 1422 3762 nonne

292 3793 455 3873 ¹Romani
485 3806 661 3895 praesules
697 3811 855 3894 possent,
890 3805 921 3873 si
952 3804 1108 3888 vellent,
1127 3825 1255 3874 ‚omnes
1285 3801 1421 3870 omnino

309 3913 463 3982 Orientis
485 3913 628 4004 populos
653 3915 715 3982 sub
740 3915 843 3982 unius
867 3911 1088 4003 patriarchae
1109 3913 1314 4002 potestatem
1329 3909 1420 3978 redi-

310 4044 402 4110 gere,
424 4019 625 4102 Chaldaeos,
645 4019 765 4107 Syros,
791 4019 994 4101 Maronitos,
1016 4017 1196 4100 Armenoc,
1220 4013 1418 4098 Melchites,

310 4126 591 4218 quemadmodum
615 4125 729 4194 seculo
752 4127 815 4195 IV.
843 4126 870 4193 ii
893 4125 1020 4193 erant?
1051 4126 1108 4192 An
1131 4125 1215 4216 quia
1236 4121 1421 4214 sapientis·
