<?xml version="1.0" encoding="UTF-8"?>
<!DOCTYPE html PUBLIC "-//W3C//DTD XHTML 1.0 Transitional//EN"
    "http://www.w3.org/TR/xhtml1/DTD/xhtml1-transitional.dtd">
<html xmlns="http://www.w3.org/1999/xhtml" xml:lang="en" lang="en">
 <head>
  <title>
</title>
<meta http-equiv="Content-Type" content="text/html;charset=utf-8" />
  <meta name='ocr-system' content='tesseract 3.04.00' />
  <meta name='ocr-capabilities' content='ocr_page ocr_carea ocr_par ocr_line ocrx_word'/>
</head>
<body>
  <div class='ocr_page' id='page_1' title='image "./antiquaecclesis00davigoog_0066.png"; bbox 0 0 3006 4672; ppageno 0'>
   <div class='ocr_carea' id='block_1_1' title="bbox 376 164 1208 238">
    <p class='ocr_par' dir='ltr' id='par_1_1' title="bbox 376 164 1208 238">
     <span class='ocr_line' id='line_1_1' title="bbox 376 164 1208 238; baseline -0.002 -4"><span class='ocrx_word' id='word_1_1' title='bbox 376 193 417 237; x_wconf 82' lang='lat' dir='ltr'>nn</span> <span class='ocrx_word' id='word_1_2' title='bbox 440 192 540 238; x_wconf 74' lang='lat' dir='ltr'>rarat</span> <span class='ocrx_word' id='word_1_3' title='bbox 564 191 761 237; x_wconf 77' lang='lat' dir='ltr'>nr1scornru</span> <span class='ocrx_word' id='word_1_4' title='bbox 785 190 917 236; x_wconf 74' lang='lat' dir='ltr'>nomano</span> <span class='ocrx_word' id='word_1_5' title='bbox 1163 164 1208 233; x_wconf 76' lang='lat'>43</span> 
     </span>
    </p>
   </div>
   <div class='ocr_carea' id='block_1_2' title="bbox 64 299 1385 1998">
    <p class='ocr_par' dir='ltr' id='par_1_2' title="bbox 64 299 1210 479">
     <span class='ocr_line' id='line_1_2' title="bbox 64 299 1210 396; baseline -0.001 -29"><span class='ocrx_word' id='word_1_6' title='bbox 64 301 110 367; x_wconf 92' lang='lat' dir='ltr'>in</span> <span class='ocrx_word' id='word_1_7' title='bbox 130 301 203 368; x_wconf 91' lang='lat' dir='ltr'>illa</span> <span class='ocrx_word' id='word_1_8' title='bbox 217 302 303 370; x_wconf 86' lang='lat' dir='ltr'>urbe</span> <span class='ocrx_word' id='word_1_9' title='bbox 325 302 447 388; x_wconf 87' lang='lat' dir='ltr'>fuisse,</span> <span class='ocrx_word' id='word_1_10' title='bbox 467 324 674 396; x_wconf 87' lang='lat' dir='ltr'>quamquam</span> <span class='ocrx_word' id='word_1_11' title='bbox 688 303 880 372; x_wconf 75' lang='lat' dir='ltr'>Antiochia</span> <span class='ocrx_word' id='word_1_12' title='bbox 895 299 1102 392; x_wconf 87' lang='lat' dir='ltr'>principalis</span> <span class='ocrx_word' id='word_1_13' title='bbox 1118 305 1210 369; x_wconf 88' lang='lat' dir='ltr'>esset</span> 
     </span>
     <span class='ocr_line' id='line_1_3' title="bbox 67 406 521 479; baseline 0.011 -6"><span class='ocrx_word' id='word_1_14' title='bbox 67 406 186 476; x_wconf 89' lang='lat' dir='ltr'>illius</span> <span class='ocrx_word' id='word_1_15' title='bbox 210 407 388 478; x_wconf 80' lang='lat' dir='ltr'>Ecclesiae</span> <span class='ocrx_word' id='word_1_16' title='bbox 411 410 521 479; x_wconf 88' lang='lat' dir='ltr'>sedes.</span> 
     </span>
    </p>

    <p class='ocr_par' dir='ltr' id='par_1_3' title="bbox 67 515 1385 1998">
     <span class='ocr_line' id='line_1_4' title="bbox 148 515 1208 606; baseline -0.001 -22"><span class='ocrx_word' id='word_1_17' title='bbox 148 517 379 606; x_wconf 86' lang='lat' dir='ltr'>Disputatum</span> <span class='ocrx_word' id='word_1_18' title='bbox 399 524 454 586; x_wconf 88' lang='lat' dir='ltr'>est</span> <span class='ocrx_word' id='word_1_19' title='bbox 470 517 552 584; x_wconf 92' lang='lat' dir='ltr'>olim</span> <span class='ocrx_word' id='word_1_20' title='bbox 569 519 661 588; x_wconf 87' lang='lat' dir='ltr'>inter</span> <span class='ocrx_word' id='word_1_21' title='bbox 678 517 886 605; x_wconf 67' lang='lat' dir='ltr'>Theologcs</span> <span class='ocrx_word' id='word_1_22' title='bbox 899 522 1018 584; x_wconf 87' lang='lat' dir='ltr'>utrum</span> <span class='ocrx_word' id='word_1_23' title='bbox 1034 515 1208 606; x_wconf 91' lang='lat' dir='ltr'>episcopa-</span> 
     </span>
     <span class='ocr_line' id='line_1_5' title="bbox 67 622 1207 715; baseline 0 -25"><span class='ocrx_word' id='word_1_24' title='bbox 67 627 141 690; x_wconf 86' lang='lat' dir='ltr'>tus</span> <span class='ocrx_word' id='word_1_25' title='bbox 160 647 259 715; x_wconf 89' lang='lat' dir='ltr'>quem</span> <span class='ocrx_word' id='word_1_26' title='bbox 268 625 395 693; x_wconf 88' lang='lat' dir='ltr'>Petrus</span> <span class='ocrx_word' id='word_1_27' title='bbox 405 626 534 694; x_wconf 88' lang='lat' dir='ltr'>Romae</span> <span class='ocrx_word' id='word_1_28' title='bbox 550 625 673 714; x_wconf 83' lang='lat' dir='ltr'>gessit,</span> <span class='ocrx_word' id='word_1_29' title='bbox 683 624 851 694; x_wconf 89' lang='lat' dir='ltr'>dicendus</span> <span class='ocrx_word' id='word_1_30' title='bbox 863 625 912 692; x_wconf 88' lang='lat' dir='ltr'>sit</span> <span class='ocrx_word' id='word_1_31' title='bbox 927 625 968 694; x_wconf 92' lang='lat' dir='ltr'>de</span> <span class='ocrx_word' id='word_1_32' title='bbox 981 623 1061 712; x_wconf 88' lang='lat' dir='ltr'>jure</span> <span class='ocrx_word' id='word_1_33' title='bbox 1074 622 1207 707; x_wconf 88' lang='lat' dir='ltr'>divino,</span> 
     </span>
     <span class='ocr_line' id='line_1_6' title="bbox 69 729 1210 822; baseline 0.002 -26"><span class='ocrx_word' id='word_1_34' title='bbox 69 733 206 797; x_wconf 80' lang='lat' dir='ltr'>utrum</span> <span class='ocrx_word' id='word_1_35' title='bbox 231 730 369 800; x_wconf 85' lang='lat' dir='ltr'>scilieet</span> <span class='ocrx_word' id='word_1_36' title='bbox 401 731 528 800; x_wconf 87' lang='lat' dir='ltr'>Petrus</span> <span class='ocrx_word' id='word_1_37' title='bbox 561 731 682 800; x_wconf 88' lang='lat' dir='ltr'>divino</span> <span class='ocrx_word' id='word_1_38' title='bbox 705 731 823 822; x_wconf 91' lang='lat' dir='ltr'>aliquo</span> <span class='ocrx_word' id='word_1_39' title='bbox 844 730 948 818; x_wconf 88' lang='lat' dir='ltr'>jussu</span> <span class='ocrx_word' id='word_1_40' title='bbox 979 731 1121 800; x_wconf 82' lang='lat' dir='ltr'><strong>Romam</strong></span> <span class='ocrx_word' id='word_1_41' title='bbox 1151 729 1210 798; x_wconf 93' lang='lat' dir='ltr'>ad·</span> 
     </span>
     <span class='ocr_line' id='line_1_7' title="bbox 71 836 1210 930; baseline -0.002 -22"><span class='ocrx_word' id='word_1_42' title='bbox 71 836 198 908; x_wconf 86' lang='lat' dir='ltr'>venit.</span> <span class='ocrx_word' id='word_1_43' title='bbox 227 837 308 906; x_wconf 89' lang='lat' dir='ltr'>Jam</span> <span class='ocrx_word' id='word_1_44' title='bbox 334 841 468 908; x_wconf 88' lang='lat' dir='ltr'>verosi</span> <span class='ocrx_word' id='word_1_45' title='bbox 492 840 534 908; x_wconf 90' lang='lat' dir='ltr'>de</span> <span class='ocrx_word' id='word_1_46' title='bbox 558 840 623 908; x_wconf 88' lang='lat' dir='ltr'>hac</span> <span class='ocrx_word' id='word_1_47' title='bbox 648 841 849 930; x_wconf 77' lang='lat' dir='ltr'>quaestione</span> <span class='ocrx_word' id='word_1_48' title='bbox 882 839 1077 909; x_wconf 83' lang='lat' dir='ltr'>Ecclesiam</span> <span class='ocrx_word' id='word_1_49' title='bbox 1105 838 1210 928; x_wconf 85' lang='lat' dir='ltr'>Syro·</span> 
     </span>
     <span class='ocr_line' id='line_1_8' title="bbox 72 945 1211 1036; baseline -0.001 -21"><span class='ocrx_word' id='word_1_50' title='bbox 72 945 305 1015; x_wconf 88' lang='lat' dir='ltr'>chaldaicam</span> <span class='ocrx_word' id='word_1_51' title='bbox 317 947 587 1036; x_wconf 85' lang='lat' dir='ltr'>interrogamus,</span> <span class='ocrx_word' id='word_1_52' title='bbox 601 947 849 1017; x_wconf 83' lang='lat' dir='ltr'>affirmativum</span> <span class='ocrx_word' id='word_1_53' title='bbox 861 947 1063 1016; x_wconf 85' lang='lat' dir='ltr'>habebimus</span> <span class='ocrx_word' id='word_1_54' title='bbox 1072 969 1211 1036; x_wconf 85' lang='lat' dir='ltr'>respon·</span> 
     </span>
     <span class='ocr_line' id='line_1_9' title="bbox 74 1055 1211 1145; baseline 0 -25"><span class='ocrx_word' id='word_1_55' title='bbox 74 1076 177 1122; x_wconf 88' lang='lat' dir='ltr'>sum.</span> <span class='ocrx_word' id='word_1_56' title='bbox 211 1055 255 1121; x_wconf 92' lang='lat' dir='ltr'>In</span> <span class='ocrx_word' id='word_1_57' title='bbox 287 1055 396 1123; x_wconf 86' lang='lat' dir='ltr'>officio</span> <span class='ocrx_word' id='word_1_58' title='bbox 430 1055 521 1124; x_wconf 87' lang='lat' dir='ltr'>enim</span> <span class='ocrx_word' id='word_1_59' title='bbox 549 1055 772 1125; x_wconf 84' lang='lat' dir='ltr'>Pentecostee</span> <span class='ocrx_word' id='word_1_60' title='bbox 808 1055 978 1145; x_wconf 84' lang='lat' dir='ltr'>Syrorum</span> <span class='ocrx_word' id='word_1_61' title='bbox 1007 1055 1047 1122; x_wconf 91' lang='lat' dir='ltr'>in</span> <span class='ocrx_word' id='word_1_62' title='bbox 1077 1055 1098 1120; x_wconf 84' lang='lat'>2</span> <span class='ocrx_word' id='word_1_63' title='bbox 1131 1055 1211 1120; x_wconf 83' lang='lat' dir='ltr'>kalo</span> 
     </span>
     <span class='ocr_line' id='line_1_10' title="bbox 73 1159 1373 1250; baseline 0.003 -26"><span class='ocrx_word' id='word_1_64' title='bbox 73 1159 145 1227; x_wconf 86' lang='lat'><strong>1.··</strong></span> <span class='ocrx_word' id='word_1_65' title='bbox 167 1161 275 1229; x_wconf 89' lang='lat' dir='ltr'>horae</span> <span class='ocrx_word' id='word_1_66' title='bbox 298 1159 348 1247; x_wconf 88' lang='lat' dir='ltr'>(l)</span> <span class='ocrx_word' id='word_1_67' title='bbox 379 1161 533 1230; x_wconf 83' lang='lat' dir='ltr'>dicitur:</span> <span class='ocrx_word' id='word_1_68' title='bbox 562 1160 754 1250; x_wconf 67' lang='lat' dir='ltr'>«spiritus</span> <span class='ocrx_word' id='word_1_69' title='bbox 778 1159 956 1230; x_wconf 87' lang='lat' dir='ltr'>descendit</span> <span class='ocrx_word' id='word_1_70' title='bbox 979 1160 1020 1229; x_wconf 90' lang='lat' dir='ltr'>de</span> <span class='ocrx_word' id='word_1_71' title='bbox 1044 1161 1137 1229; x_wconf 89' lang='lat' dir='ltr'>coelo</span> <span class='ocrx_word' id='word_1_72' title='bbox 1169 1161 1213 1228; x_wconf 90' lang='lat' dir='ltr'>ad</span> <span class='ocrx_word' id='word_1_73' title='bbox 1244 1171 1373 1246; x_wconf 76' lang='lat' dir='ltr'>ooo</span> 
     </span>
     <span class='ocr_line' id='line_1_11' title="bbox 79 1262 1213 1354; baseline 0.002 -23"><span class='ocrx_word' id='word_1_74' title='bbox 79 1290 97 1324; x_wconf 79' lang='lat' dir='ltr'>n</span> <span class='ocrx_word' id='word_1_75' title='bbox 120 1262 362 1347; x_wconf 86' lang='lat' dir='ltr'>coenaculum,</span> <span class='ocrx_word' id='word_1_76' title='bbox 390 1268 427 1331; x_wconf 90' lang='lat' dir='ltr'>et</span> <span class='ocrx_word' id='word_1_77' title='bbox 449 1263 565 1352; x_wconf 86' lang='lat' dir='ltr'>ignem</span> <span class='ocrx_word' id='word_1_78' title='bbox 590 1264 634 1331; x_wconf 92' lang='lat' dir='ltr'>ad</span> <span class='ocrx_word' id='word_1_79' title='bbox 660 1263 775 1332; x_wconf 86' lang='lat' dir='ltr'>instar</span> <span class='ocrx_word' id='word_1_80' title='bbox 801 1263 1005 1352; x_wconf 86' lang='lat' dir='ltr'>linguarum</span> <span class='ocrx_word' id='word_1_81' title='bbox 1032 1264 1213 1354; x_wconf 84' lang='lat' dir='ltr'>Apostolie</span> 
     </span>
     <span class='ocr_line' id='line_1_12' title="bbox 81 1369 1213 1458; baseline 0.004 -20"><span class='ocrx_word' id='word_1_82' title='bbox 81 1397 100 1430; x_wconf 83' lang='lat' dir='ltr'>n</span> <span class='ocrx_word' id='word_1_83' title='bbox 123 1369 324 1438; x_wconf 75' lang='lat' dir='ltr'>distribuit.</span> <span class='ocrx_word' id='word_1_84' title='bbox 344 1369 516 1438; x_wconf 89' lang='lat' dir='ltr'>Simonem</span> <span class='ocrx_word' id='word_1_85' title='bbox 532 1370 630 1438; x_wconf 88' lang='lat' dir='ltr'>misit</span> <span class='ocrx_word' id='word_1_86' title='bbox 645 1371 800 1458; x_wconf 87' lang='lat' dir='ltr'>Romam;</span> <span class='ocrx_word' id='word_1_87' title='bbox 818 1398 834 1433; x_wconf 83' lang='lat' dir='ltr'><em>n</em></span> <span class='ocrx_word' id='word_1_88' title='bbox 853 1377 920 1439; x_wconf 90' lang='lat' dir='ltr'>etc.</span> <span class='ocrx_word' id='word_1_89' title='bbox 942 1371 991 1439; x_wconf 92' lang='lat' dir='ltr'>Et</span> <span class='ocrx_word' id='word_1_90' title='bbox 1011 1371 1213 1442; x_wconf 88' lang='lat' dir='ltr'>insecundo</span> 
     </span>
     <span class='ocr_line' id='line_1_13' title="bbox 80 1477 1385 1570; baseline 0.004 -27"><span class='ocrx_word' id='word_1_91' title='bbox 80 1483 262 1546; x_wconf 87' lang='lat' dir='ltr'>nocturno</span> <span class='ocrx_word' id='word_1_92' title='bbox 286 1477 440 1566; x_wconf 88' lang='lat' dir='ltr'>ejusdem</span> <span class='ocrx_word' id='word_1_93' title='bbox 464 1478 567 1546; x_wconf 89' lang='lat' dir='ltr'>officii</span> <span class='ocrx_word' id='word_1_94' title='bbox 591 1478 641 1563; x_wconf 84' lang='lat'>(2)</span> <span class='ocrx_word' id='word_1_95' title='bbox 666 1477 809 1546; x_wconf 87' lang='lat' dir='ltr'>dicitur:</span> <span class='ocrx_word' id='word_1_96' title='bbox 839 1505 856 1541; x_wconf 76' lang='lat' dir='ltr'>c</span> <span class='ocrx_word' id='word_1_97' title='bbox 880 1478 982 1546; x_wconf 88' lang='lat' dir='ltr'>Missi</span> <span class='ocrx_word' id='word_1_98' title='bbox 1014 1483 1097 1547; x_wconf 90' lang='lat' dir='ltr'>ennt</span> <span class='ocrx_word' id='word_1_99' title='bbox 1118 1478 1211 1570; x_wconf 87' lang='lat' dir='ltr'>Apo·</span> <span class='ocrx_word' id='word_1_100' title='bbox 1243 1485 1385 1562; x_wconf 69' lang='grc' dir='ltr'>ΡΗ)</span> 
     </span>
     <span class='ocr_line' id='line_1_14' title="bbox 85 1583 1212 1677; baseline 0.007 -31"><span class='ocrx_word' id='word_1_101' title='bbox 85 1611 103 1646; x_wconf 78' lang='lat' dir='ltr'><em>n</em></span> <span class='ocrx_word' id='word_1_102' title='bbox 126 1583 213 1651; x_wconf 84' lang='lat' dir='ltr'>stoli</span> <span class='ocrx_word' id='word_1_103' title='bbox 229 1583 273 1650; x_wconf 90' lang='lat' dir='ltr'>ad</span> <span class='ocrx_word' id='word_1_104' title='bbox 289 1583 579 1673; x_wconf 85' lang='lat' dir='ltr'>evangelizandos</span> <span class='ocrx_word' id='word_1_105' title='bbox 592 1606 708 1652; x_wconf 90' lang='lat' dir='ltr'>omnes</span> <span class='ocrx_word' id='word_1_106' title='bbox 721 1584 877 1674; x_wconf 86' lang='lat' dir='ltr'>populos;</span> <span class='ocrx_word' id='word_1_107' title='bbox 893 1585 1082 1677; x_wconf 89' lang='lat' dir='ltr'>unicuique</span> <span class='ocrx_word' id='word_1_108' title='bbox 1098 1592 1212 1654; x_wconf 91' lang='lat' dir='ltr'>autem</span> 
     </span>
     <span class='ocr_line' id='line_1_15' title="bbox 88 1690 1215 1783; baseline 0.006 -30"><span class='ocrx_word' id='word_1_109' title='bbox 88 1717 106 1752; x_wconf 78' lang='lat' dir='ltr'><em>n</em></span> <span class='ocrx_word' id='word_1_110' title='bbox 130 1712 250 1759; x_wconf 90' lang='lat' dir='ltr'>eornm</span> <span class='ocrx_word' id='word_1_111' title='bbox 262 1691 376 1760; x_wconf 86' lang='lat' dir='ltr'>locum</span> <span class='ocrx_word' id='word_1_112' title='bbox 388 1692 592 1781; x_wconf 77' lang='lat' dir='ltr'>designavit</span> <span class='ocrx_word' id='word_1_113' title='bbox 604 1697 640 1760; x_wconf 86' lang='lat' dir='ltr'>et</span> <span class='ocrx_word' id='word_1_114' title='bbox 651 1690 749 1760; x_wconf 88' lang='lat' dir='ltr'>dedit</span> <span class='ocrx_word' id='word_1_115' title='bbox 763 1691 880 1760; x_wconf 81' lang='lat' dir='ltr'>Filius</span> <span class='ocrx_word' id='word_1_116' title='bbox 895 1692 973 1780; x_wconf 90' lang='lat' dir='ltr'>Dei;</span> <span class='ocrx_word' id='word_1_117' title='bbox 993 1693 1125 1762; x_wconf 86' lang='lat' dir='ltr'>Simoni</span> <span class='ocrx_word' id='word_1_118' title='bbox 1141 1695 1215 1783; x_wconf 92' lang='lat' dir='ltr'>qui-</span> 
     </span>
     <span class='ocr_line' id='line_1_16' title="bbox 88 1798 1216 1892; baseline 0.003 -25"><span class='ocrx_word' id='word_1_119' title='bbox 88 1823 106 1858; x_wconf 80' lang='lat' dir='ltr'>n</span> <span class='ocrx_word' id='word_1_120' title='bbox 129 1798 207 1867; x_wconf 90' lang='lat' dir='ltr'>dem</span> <span class='ocrx_word' id='word_1_121' title='bbox 216 1799 393 1867; x_wconf 68' lang='lat' dir='ltr'>Romam.»</span> <span class='ocrx_word' id='word_1_122' title='bbox 404 1799 500 1870; x_wconf 86' lang='lat' dir='ltr'>Adeo</span> <span class='ocrx_word' id='word_1_123' title='bbox 514 1799 605 1890; x_wconf 88' lang='lat' dir='ltr'>apud</span> <span class='ocrx_word' id='word_1_124' title='bbox 618 1799 895 1889; x_wconf 84' lang='lat' dir='ltr'>Syrochaldacos</span> <span class='ocrx_word' id='word_1_125' title='bbox 912 1807 1123 1892; x_wconf 87' lang='lat' dir='ltr'>compertum</span> <span class='ocrx_word' id='word_1_126' title='bbox 1139 1808 1216 1870; x_wconf 85' lang='lat' dir='ltr'>erat</span> 
     </span>
     <span class='ocr_line' id='line_1_17' title="bbox 87 1904 1216 1998; baseline 0.003 -26"><span class='ocrx_word' id='word_1_127' title='bbox 87 1904 238 1973; x_wconf 87' lang='lat' dir='ltr'>Petrum</span> <span class='ocrx_word' id='word_1_128' title='bbox 260 1905 388 1975; x_wconf 86' lang='lat' dir='ltr'>Romae</span> <span class='ocrx_word' id='word_1_129' title='bbox 412 1908 533 1992; x_wconf 83' lang='lat' dir='ltr'>fuisse,</span> <span class='ocrx_word' id='word_1_130' title='bbox 561 1907 677 1998; x_wconf 89' lang='lat' dir='ltr'>ibique</span> <span class='ocrx_word' id='word_1_131' title='bbox 693 1907 930 1996; x_wconf 85' lang='lat' dir='ltr'>episcopatum</span> <span class='ocrx_word' id='word_1_132' title='bbox 948 1908 1156 1993; x_wconf 84' lang='lat' dir='ltr'>exercuisse,</span> <span class='ocrx_word' id='word_1_133' title='bbox 1174 1915 1216 1975; x_wconf 86' lang='lat' dir='ltr'>ut</span> 
     </span>
    </p>
   </div>
   <div class='ocr_carea' id='block_1_3' title="bbox 87 2013 1216 2190">
    <p class='ocr_par' dir='ltr' id='par_1_4' title="bbox 87 2013 1216 2190">
     <span class='ocr_line' id='line_1_18' title="bbox 87 2013 1216 2106; baseline 0.003 -27"><span class='ocrx_word' id='word_1_134' title='bbox 87 2035 161 2080; x_wconf 89' lang='lat' dir='ltr'>non</span> <span class='ocrx_word' id='word_1_135' title='bbox 186 2013 429 2083; x_wconf 83' lang='lat' dir='ltr'>dubitaverint</span> <span class='ocrx_word' id='word_1_136' title='bbox 460 2015 632 2084; x_wconf 86' lang='lat' dir='ltr'>affirmare</span> <span class='ocrx_word' id='word_1_137' title='bbox 655 2014 692 2083; x_wconf 94' lang='lat' dir='ltr'>id</span> <span class='ocrx_word' id='word_1_138' title='bbox 714 2037 792 2084; x_wconf 89' lang='lat' dir='ltr'>eum</span> <span class='ocrx_word' id='word_1_139' title='bbox 824 2014 948 2085; x_wconf 87' lang='lat' dir='ltr'>fecisse</span> <span class='ocrx_word' id='word_1_140' title='bbox 978 2037 1040 2106; x_wconf 87' lang='lat' dir='ltr'>per</span> <span class='ocrx_word' id='word_1_141' title='bbox 1077 2015 1216 2083; x_wconf 90' lang='lat' dir='ltr'>manda-</span> 
     </span>
     <span class='ocr_line' id='line_1_19' title="bbox 87 2119 366 2190; baseline 0.018 -5"><span class='ocrx_word' id='word_1_142' title='bbox 87 2125 170 2186; x_wconf 85' lang='lat' dir='ltr'>tum</span> <span class='ocrx_word' id='word_1_143' title='bbox 194 2119 366 2190; x_wconf 81' lang='lat' dir='ltr'>divinum.</span> 
     </span>
    </p>
   </div>
   <div class='ocr_carea' id='block_1_4' title="bbox 611 2357 703 2440">
    <p class='ocr_par' dir='ltr' id='par_1_5' title="bbox 611 2357 703 2440">
     <span class='ocr_line' id='line_1_20' title="bbox 611 2357 703 2440; baseline -0.011 -15"><span class='ocrx_word' id='word_1_144' title='bbox 611 2366 643 2440; x_wconf 68' lang='grc' dir='ltr'>ἓ.</span> <span class='ocrx_word' id='word_1_145' title='bbox 669 2357 703 2424; x_wconf 84' lang='grc'>2.</span> 
     </span>
    </p>
   </div>
   <div class='ocr_carea' id='block_1_5' title="bbox 278 2556 1037 2755">
    <p class='ocr_par' dir='ltr' id='par_1_6' title="bbox 278 2556 1037 2755">
     <span class='ocr_line' id='line_1_21' title="bbox 278 2556 1037 2650; baseline -0.009 -22"><span class='ocrx_word' id='word_1_146' title='bbox 278 2561 472 2650; x_wconf 76' lang='lat' dir='ltr'>Episcopus</span> <span class='ocrx_word' id='word_1_147' title='bbox 494 2558 667 2626; x_wconf 77' lang='lat' dir='ltr'>Romanas</span> <span class='ocrx_word' id='word_1_148' title='bbox 691 2569 739 2623; x_wconf 75' lang='lat' dir='ltr'>est</span> <span class='ocrx_word' id='word_1_149' title='bbox 762 2557 863 2624; x_wconf 79' lang='lat' dir='ltr'>Petri</span> <span class='ocrx_word' id='word_1_150' title='bbox 887 2556 1037 2644; x_wconf 75' lang='lat' dir='ltr'>apostoli</span> 
     </span>
     <span class='ocr_line' id='line_1_22' title="bbox 386 2664 941 2755; baseline 0.004 -23"><span class='ocrx_word' id='word_1_151' title='bbox 386 2669 423 2732; x_wconf 76' lang='lat' dir='ltr'>irc</span> <span class='ocrx_word' id='word_1_152' title='bbox 447 2664 565 2733; x_wconf 78' lang='lat' dir='ltr'>divino</span> <span class='ocrx_word' id='word_1_153' title='bbox 584 2665 742 2755; x_wconf 77' lang='lat' dir='ltr'>primatu</span> <span class='ocrx_word' id='word_1_154' title='bbox 766 2688 941 2734; x_wconf 78' lang='lat' dir='ltr'>successor.</span> 
     </span>
    </p>
   </div>
   <div class='ocr_carea' id='block_1_6' title="bbox 94 2877 1233 3937">
    <p class='ocr_par' dir='ltr' id='par_1_7' title="bbox 94 2877 1233 3937">
     <span class='ocr_line' id='line_1_23' title="bbox 167 2877 1221 2968; baseline -0.004 -16"><span class='ocrx_word' id='word_1_155' title='bbox 167 2885 346 2952; x_wconf 87' lang='lat' dir='ltr'>Hactenus</span> <span class='ocrx_word' id='word_1_156' title='bbox 357 2879 522 2964; x_wconf 86' lang='lat' dir='ltr'>vidimus,</span> <span class='ocrx_word' id='word_1_157' title='bbox 541 2877 768 2947; x_wconf 88' lang='lat' dir='ltr'>traditionem</span> <span class='ocrx_word' id='word_1_158' title='bbox 784 2877 960 2947; x_wconf 88' lang='lat' dir='ltr'>Ecclesiae</span> <span class='ocrx_word' id='word_1_159' title='bbox 974 2877 1221 2968; x_wconf 82' lang='lat' dir='ltr'>Syrochaldai-</span> 
     </span>
     <span class='ocr_line' id='line_1_24' title="bbox 96 2985 1220 3066; baseline -0.011 -1"><span class='ocrx_word' id='word_1_160' title='bbox 96 3016 160 3066; x_wconf 86' lang='lat' dir='ltr'>cac</span> <span class='ocrx_word' id='word_1_161' title='bbox 189 2989 317 3060; x_wconf 81' lang='lat' dir='ltr'>testari</span> <span class='ocrx_word' id='word_1_162' title='bbox 338 2987 517 3056; x_wconf 81' lang='lat' dir='ltr'>Christum</span> <span class='ocrx_word' id='word_1_163' title='bbox 540 2985 726 3053; x_wconf 91' lang='lat' dir='ltr'>Dominum</span> <span class='ocrx_word' id='word_1_164' title='bbox 749 2986 892 3055; x_wconf 83' lang='lat' dir='ltr'>Petrum</span> <span class='ocrx_word' id='word_1_165' title='bbox 916 2985 1142 3056; x_wconf 83' lang='lat' dir='ltr'>constituisse</span> <span class='ocrx_word' id='word_1_166' title='bbox 1165 3009 1220 3053; x_wconf 93' lang='lat' dir='ltr'>su·</span> 
     </span>
     <span class='ocr_line' id='line_1_25' title="bbox 94 3093 1220 3194; baseline -0.009 -24"><span class='ocrx_word' id='word_1_167' title='bbox 94 3123 254 3194; x_wconf 88' lang='lat' dir='ltr'>premum</span> <span class='ocrx_word' id='word_1_168' title='bbox 266 3095 444 3166; x_wconf 89' lang='lat' dir='ltr'>Ecclesiae</span> <span class='ocrx_word' id='word_1_169' title='bbox 455 3115 538 3163; x_wconf 90' lang='lat' dir='ltr'>suae</span> <span class='ocrx_word' id='word_1_170' title='bbox 551 3100 666 3184; x_wconf 88' lang='lat' dir='ltr'>caput,</span> <span class='ocrx_word' id='word_1_171' title='bbox 680 3093 805 3184; x_wconf 90' lang='lat' dir='ltr'>illique</span> <span class='ocrx_word' id='word_1_172' title='bbox 816 3093 854 3161; x_wconf 92' lang='lat' dir='ltr'>in</span> <span class='ocrx_word' id='word_1_173' title='bbox 866 3115 941 3163; x_wconf 90' lang='lat' dir='ltr'>eam</span> <span class='ocrx_word' id='word_1_174' title='bbox 954 3116 1085 3163; x_wconf 88' lang='lat' dir='ltr'>omnem</span> <span class='ocrx_word' id='word_1_175' title='bbox 1104 3097 1220 3162; x_wconf 86' lang='lat' dir='ltr'>aucto-</span> 
     </span>
     <span class='ocr_line' id='line_1_26' title="bbox 94 3199 1223 3290; baseline -0.012 -11"><span class='ocrx_word' id='word_1_176' title='bbox 94 3210 244 3279; x_wconf 82' lang='lat' dir='ltr'>ritatem</span> <span class='ocrx_word' id='word_1_177' title='bbox 255 3203 402 3290; x_wconf 88' lang='lat' dir='ltr'>dedisse;</span> <span class='ocrx_word' id='word_1_178' title='bbox 413 3201 556 3290; x_wconf 87' lang='lat' dir='ltr'>insuper</span> <span class='ocrx_word' id='word_1_179' title='bbox 568 3202 661 3269; x_wconf 91' lang='lat' dir='ltr'>hunc</span> <span class='ocrx_word' id='word_1_180' title='bbox 673 3200 771 3268; x_wconf 89' lang='lat' dir='ltr'>Petri</span> <span class='ocrx_word' id='word_1_181' title='bbox 782 3199 971 3290; x_wconf 90' lang='lat' dir='ltr'>primatum</span> <span class='ocrx_word' id='word_1_182' title='bbox 982 3223 1051 3268; x_wconf 92' lang='lat' dir='ltr'>non</span> <span class='ocrx_word' id='word_1_183' title='bbox 1063 3199 1223 3267; x_wconf 91' lang='lat' dir='ltr'>debuisse</span> 
     </span>
     <span class='ocr_line' id='line_1_27' title="bbox 96 3306 1222 3405; baseline -0.008 -22"><span class='ocrx_word' id='word_1_184' title='bbox 96 3316 179 3405; x_wconf 86' lang='lat' dir='ltr'>ejus</span> <span class='ocrx_word' id='word_1_185' title='bbox 202 3317 311 3381; x_wconf 87' lang='lat' dir='ltr'>morte</span> <span class='ocrx_word' id='word_1_186' title='bbox 334 3330 480 3393; x_wconf 81' lang='lat' dir='ltr'>cessare,</span> <span class='ocrx_word' id='word_1_187' title='bbox 506 3309 566 3377; x_wconf 88' lang='lat' dir='ltr'>sed</span> <span class='ocrx_word' id='word_1_188' title='bbox 589 3312 755 3398; x_wconf 89' lang='lat' dir='ltr'>perpetuo</span> <span class='ocrx_word' id='word_1_189' title='bbox 772 3308 810 3375; x_wconf 91' lang='lat' dir='ltr'>in</span> <span class='ocrx_word' id='word_1_190' title='bbox 826 3307 985 3377; x_wconf 89' lang='lat' dir='ltr'>Ecclesia</span> <span class='ocrx_word' id='word_1_191' title='bbox 1001 3328 1149 3394; x_wconf 87' lang='lat' dir='ltr'>manere;</span> <span class='ocrx_word' id='word_1_192' title='bbox 1167 3306 1222 3375; x_wconf 86' lang='lat' dir='ltr'>de·</span> 
     </span>
     <span class='ocr_line' id='line_1_28' title="bbox 97 3415 1224 3512; baseline -0.006 -21"><span class='ocrx_word' id='word_1_193' title='bbox 97 3423 208 3512; x_wconf 88' lang='lat' dir='ltr'>nique</span> <span class='ocrx_word' id='word_1_194' title='bbox 230 3421 374 3488; x_wconf 85' lang='lat' dir='ltr'>Petrum</span> <span class='ocrx_word' id='word_1_195' title='bbox 397 3417 849 3506; x_wconf 86' lang='lat' dir='ltr'>Romanum·episcopatum</span> <span class='ocrx_word' id='word_1_196' title='bbox 874 3417 1023 3505; x_wconf 87' lang='lat' dir='ltr'>gessisse</span> <span class='ocrx_word' id='word_1_197' title='bbox 1046 3435 1157 3506; x_wconf 89' lang='lat' dir='ltr'>usque</span> <span class='ocrx_word' id='word_1_198' title='bbox 1179 3415 1224 3484; x_wconf 91' lang='lat' dir='ltr'>ad</span> 
     </span>
     <span class='ocr_line' id='line_1_29' title="bbox 98 3521 1233 3612; baseline -0.009 -13"><span class='ocrx_word' id='word_1_199' title='bbox 98 3534 260 3599; x_wconf 85' lang='lat' dir='ltr'>mortem.</span> <span class='ocrx_word' id='word_1_200' title='bbox 277 3526 332 3594; x_wconf 90' lang='lat' dir='ltr'>Ex</span> <span class='ocrx_word' id='word_1_201' title='bbox 354 3525 411 3594; x_wconf 90' lang='lat' dir='ltr'>his</span> <span class='ocrx_word' id='word_1_202' title='bbox 442 3523 599 3593; x_wconf 87' lang='lat' dir='ltr'>omuibus</span> <span class='ocrx_word' id='word_1_203' title='bbox 623 3522 705 3612; x_wconf 85' lang='lat' dir='ltr'>jure</span> <span class='ocrx_word' id='word_1_204' title='bbox 731 3523 857 3592; x_wconf 89' lang='lat' dir='ltr'>merito</span> <span class='ocrx_word' id='word_1_205' title='bbox 887 3523 940 3590; x_wconf 90' lang='lat' dir='ltr'>ita</span> <span class='ocrx_word' id='word_1_206' title='bbox 972 3521 1233 3602; x_wconf 86' lang='lat' dir='ltr'>concludimus:¹</span> 
     </span>
     <span class='ocr_line' id='line_1_30' title="bbox 99 3628 1225 3726; baseline -0.012 -18"><span class='ocrx_word' id='word_1_207' title='bbox 99 3639 201 3726; x_wconf 86' lang='lat' dir='ltr'>Ergo</span> <span class='ocrx_word' id='word_1_208' title='bbox 221 3635 327 3725; x_wconf 83' lang='lat' dir='ltr'>juxta</span> <span class='ocrx_word' id='word_1_209' title='bbox 347 3632 572 3701; x_wconf 82' lang='lat' dir='ltr'>traditionem</span> <span class='ocrx_word' id='word_1_210' title='bbox 602 3629 781 3701; x_wconf 88' lang='lat' dir='ltr'>Ecclesiae</span> <span class='ocrx_word' id='word_1_211' title='bbox 812 3628 1129 3719; x_wconf 83' lang='lat' dir='ltr'>Syrochaldaicae,</span> <span class='ocrx_word' id='word_1_212' title='bbox 1155 3629 1225 3718; x_wconf 87' lang='lat' dir='ltr'>epi-</span> 
     </span>
     <span class='ocr_line' id='line_1_31' title="bbox 102 3735 1226 3834; baseline -0.013 -19"><span class='ocrx_word' id='word_1_213' title='bbox 102 3744 201 3833; x_wconf 89' lang='lat' dir='ltr'>scopi</span> <span class='ocrx_word' id='word_1_214' title='bbox 224 3742 285 3834; x_wconf 93' lang='lat' dir='ltr'>qui</span> <span class='ocrx_word' id='word_1_215' title='bbox 308 3741 413 3810; x_wconf 90' lang='lat' dir='ltr'>Petro</span> <span class='ocrx_word' id='word_1_216' title='bbox 437 3741 473 3807; x_wconf 89' lang='lat' dir='ltr'>in</span> <span class='ocrx_word' id='word_1_217' title='bbox 495 3739 651 3808; x_wconf 86' lang='lat' dir='ltr'>Romana</span> <span class='ocrx_word' id='word_1_218' title='bbox 684 3737 762 3806; x_wconf 90' lang='lat' dir='ltr'>sede</span> <span class='ocrx_word' id='word_1_219' title='bbox 793 3738 1007 3822; x_wconf 88' lang='lat' dir='ltr'>succedunt,</span> <span class='ocrx_word' id='word_1_220' title='bbox 1037 3735 1226 3826; x_wconf 86' lang='lat' dir='ltr'>primatum</span> 
     </span>
     <span class='ocr_line' id='line_1_32' title="bbox 103 3841 1225 3937; baseline -0.012 -16"><span class='ocrx_word' id='word_1_221' title='bbox 103 3852 208 3921; x_wconf 90' lang='lat' dir='ltr'>illum</span> <span class='ocrx_word' id='word_1_222' title='bbox 230 3849 361 3918; x_wconf 89' lang='lat' dir='ltr'>habent</span> <span class='ocrx_word' id='word_1_223' title='bbox 382 3849 420 3916; x_wconf 90' lang='lat' dir='ltr'>in</span> <span class='ocrx_word' id='word_1_224' title='bbox 443 3845 615 3932; x_wconf 85' lang='lat' dir='ltr'>Ecclesia,</span> <span class='ocrx_word' id='word_1_225' title='bbox 642 3867 742 3937; x_wconf 89' lang='lat' dir='ltr'>quem</span> <span class='ocrx_word' id='word_1_226' title='bbox 765 3845 893 3914; x_wconf 84' lang='lat' dir='ltr'>Petrus</span> <span class='ocrx_word' id='word_1_227' title='bbox 922 3844 1059 3913; x_wconf 84' lang='lat' dir='ltr'>habuit.</span> <span class='ocrx_word' id='word_1_228' title='bbox 1086 3841 1225 3912; x_wconf 86' lang='lat' dir='ltr'>Etenim</span> 
     </span>
    </p>
   </div>
   <div class='ocr_carea' id='block_1_7' title="bbox 175 4099 840 4268">
    <p class='ocr_par' dir='ltr' id='par_1_8' title="bbox 175 4099 840 4268">
     <span class='ocr_line' id='line_1_33' title="bbox 175 4099 840 4179; baseline -0.011 -22"><span class='ocrx_word' id='word_1_229' title='bbox 175 4102 218 4179; x_wconf 85' lang='lat'>(1)</span> <span class='ocrx_word' id='word_1_230' title='bbox 237 4104 272 4158; x_wconf 91' lang='lat' dir='ltr'>In</span> <span class='ocrx_word' id='word_1_231' title='bbox 292 4103 489 4172; x_wconf 82' lang='lat' dir='ltr'>supplemento</span> <span class='ocrx_word' id='word_1_232' title='bbox 507 4101 575 4157; x_wconf 83' lang='lat' dir='ltr'>Ood.</span> <span class='ocrx_word' id='word_1_233' title='bbox 589 4101 691 4155; x_wconf 84' lang='lat' dir='ltr'>LXIV.</span> <span class='ocrx_word' id='word_1_234' title='bbox 713 4115 780 4166; x_wconf 78' lang='lat' dir='ltr'>pag.</span> <span class='ocrx_word' id='word_1_235' title='bbox 795 4099 840 4151; x_wconf 79' lang='lat'>28.</span> 
     </span>
     <span class='ocr_line' id='line_1_34' title="bbox 176 4193 572 4268; baseline -0.005 -20"><span class='ocrx_word' id='word_1_236' title='bbox 176 4193 220 4267; x_wconf 85' lang='lat'>(2)</span> <span class='ocrx_word' id='word_1_237' title='bbox 238 4194 348 4249; x_wconf 88' lang='lat' dir='ltr'>Ibidem</span> <span class='ocrx_word' id='word_1_238' title='bbox 367 4210 432 4263; x_wconf 75' lang='lat' dir='ltr'>pag.</span> <span class='ocrx_word' id='word_1_239' title='bbox 448 4195 493 4248; x_wconf 84' lang='lat'>21.</span> <span class='ocrx_word' id='word_1_240' title='bbox 568 4261 572 4268; x_wconf 30' lang='lat'><strong>·</strong></span> 
     </span>
    </p>
   </div>
   <div class='ocr_carea' id='block_1_8' title="bbox 0 0 1540 4672">
    <p class='ocr_par' dir='ltr' id='par_1_9' title="bbox 0 0 1540 4672">
     <span class='ocr_line' id='line_1_35' title="bbox 0 0 1540 4672; baseline 0 0"><span class='ocrx_word' id='word_1_241' title='bbox 0 0 1540 4672; x_wconf 95' lang='lat' dir='ltr'> </span> 
     </span>
    </p>
   </div>
  </div>
 </body>
</html>
