3018 4672
317 134 382 202 122
760 153 922 199 serarum
945 153 983 201 ιι.

316 268 481 359 primatu,
507 265 627 335 statim
651 267 863 337 admissuros
887 275 922 338 at
945 268 1099 357 ejusdem
1121 268 1433 355 infallibilitatem

317 398 379 443 sen
402 374 518 443 eadem
543 373 715 443 facilitate
737 376 842 444 unius
869 399 909 445 ac
943 375 1091 444 alterius
1114 376 1349 444 definitionem
1382 399 1437 444 eos

316 486 517 571 accepturos
539 504 624 550 csse.
652 482 691 551 Si
714 505 797 576 ergo
819 483 965 551 Romani
988 483 1169 552 Pontificis
1192 483 1436 552 infallibilita-

315 590 363 658 tis
386 588 543 658 definitio
566 588 678 678 quoad
704 587 952 658 schismaticos
975 589 1128 681 aliquam
1151 592 1323 660 facessere
1347 589 1453 658 ciffi-⁴

315 697 480 767 cultatem
496 696 670 780 videatur,
680 719 747 764 non
763 718 804 764 ea
816 703 909 766 certe
925 699 1035 786 major
1046 698 1117 766 erit
1128 719 1230 788 quam
1241 697 1319 782 illa,
1330 719 1435 789 quam

316 828 377 896 per
399 810 453 872 tot
475 803 592 873 secula
614 804 726 893 ipsius
748 804 920 894 primatus
943 804 1098 874 definitio
1122 805 1160 874 in
1183 805 1331 874 concilio
1354 804 1438 872 Flo·

315 911 452 981 rentino
475 910 569 980 edita
592 911 705 980 facere
729 912 855 1000 potuit;
874 912 943 980 imo
965 913 1082 981 eadem
1106 935 1248 1002 prorsus
1271 914 1354 997 erit,
1374 933 1437 980 nec

317 1041 422 1086 unum
446 1019 563 1108 pedem
586 1018 839 1108 progrediatur.
880 1019 1019 1088 Etenim
1041 1043 1103 1109 pro
1126 1019 1255 1088 nostris
1278 1019 1436 1088 Orienta-

316 1127 410 1194 libus
434 1126 508 1195 sive
531 1125 725 1210 catholicis,
751 1127 824 1195 sive
848 1127 1091 1212 schismaticis,
1117 1127 1273 1219 quaestio
1297 1127 1339 1195 de
1364 1125 1437 1216 pri·

318 1241 432 1319 matu,
458 1233 734 1320 infallibilitate,
760 1235 951 1327 ceterisque
974 1237 1204 1304 Romanorum
1232 1235 1436 1325 praesulum

317 1342 457 1412 dotibus
473 1341 662 1431 practicam
678 1341 797 1430 potius
812 1343 1003 1430 praesefert
1019 1343 1165 1432 speciem
1181 1342 1243 1429 (1),
1262 1343 1315 1410 ita
1331 1347 1375 1409 ut
1391 1340 1436 1406 ad

316 1449 405 1517 hanc
432 1448 551 1518 reduci
576 1448 687 1539 possit
713 1449 908 1517 formulam:
942 1451 1060 1518 Utrum
1087 1454 1194 1516 omnis
1222 1451 1434 1516 christianus

318 1559 549 1647 cuiuscumque
572 1556 778 1622 conditionis
807 1571 838 1622 et
862 1556 1051 1646 ‹liquitatis
1075 1571 1205 1624 tenetur
1231 1558 1353 1645 Papae
1370 1557 1434 1622 Ro-

317 1687 414 1729 mano
440 1677 508 1728 toto
534 1666 646 1728 animo
670 1661 815 1744 obedire,
834 1665 1051 1754 omnibusque
1075 1663 1299 1730 decisionibus
1320 1665 1433 1751 cujus-

319 1795 456 1863 cumque
482 1786 650 1851 saturae,
674 1771 792 1837 donum
827 1772 1004 1838 Ecclesiae
1036 1772 1319 1860 respicientibus,
1348 1794 1433 1861 quas

318 1880 391 1966 ipse
414 1875 572 1959 ediderit,
590 1878 739 1964 firmiter
763 1877 956 1961 adhaerere,
982 1876 1126 1968 denique
1156 1880 1270 1944 omnia
1300 1877 1432 1944 credere

195 2017 200 2028 ·
320 2007 408 2074 quae
425 1987 497 2072 ipse
520 1983 640 2067 credit,
657 1987 770 2053 omnia
787 1983 1003 2052 condemnere
1020 2010 1107 2076 quae
1123 1989 1194 2073 ipse
1209 1983 1433 2052 condemnati
1490 2011 1491 2022 ι

385 2091 440 2159 11.
465 2091 564 2161 Hanc
587 2092 770 2161 veritatem
799 2091 1021 2162 Schismatici
1048 2093 1178 2176 nostri,
1204 2093 1343 2163 scilicet
1366 2092 1431 2161 Ne-

318 2198 466 2268 storiani
488 2204 523 2268 et
538 2199 729 2282 Jacobitae,
751 2199 887 2288 gratiae
910 2201 1051 2269 divinae
1075 2199 1331 2324 respondentes,
1359 2202 1431 2267 sine

319 2307 526 2375 difficultate
543 2307 807 2396 amplectentur,
822 2308 1027 2398 praesertim
1044 2332 1120 2378 oum
1132 2307 1432 2377 i1winfallibilitat1

318 2437 360 2482 ex
384 2434 543 2501 supremo
565 2413 716 2502 primatu
739 2415 905 2496 mananti,
926 2415 1049 2484 saltem
1065 2414 1230 2504 practice,
1249 2415 1430 2484 admodum

318 2521 509 2590 familiares
536 2520 621 2588 sint.
654 2520 806 2605 Etenim,
835 2529 876 2590 ut
902 2521 988 2590 alibi
1018 2521 1331 2592 demonstravimus
1356 2523 1426 2610 (2),

318 2630 458 2698 eandem
480 2629 681 2698 Nestoriani
704 2650 744 2698 ac
763 2629 940 2699 Jacobitae
964 2651 1026 2698 suo
1050 2629 1184 2718 singuli
1206 2630 1429 2720 patriarchae

317 2737 481 2806 tribuunt
502 2737 701 2826 magisterii
723 2737 967 2820 universalem,
990 2759 1193 2827 supremam,
1217 2742 1323 2828 atque
1345 2737 1427 2806 irre·

319 2844 526 2934 fragabilem
548 2845 805 2929 auctoritatem,
824 2866 926 2937 quam
948 2843 1119 2913 Catholici
1141 2844 1294 2912 Romano
1310 2845 1428 2914 Ponti-

318 2952 389 3023 fici.
415 2951 513 3020 Unde
535 2951 563 3018 ii
581 2950 727 3022 Consilii
742 2951 905 3020 Vaticani
928 2951 1161 3020 definitionem
1185 2951 1425 3041 suscipientes,

317 3060 370 3128 nil
385 3058 479 3143 novi,
497 3057 567 3128 salt
552 3063 620 3126 tem
643 3057 794 3148 practice
817 3059 980 3150 et'quoad
1003 3057 1341 3147 objectum,·facient
1364 3059 1425 3146 (3)-

317 3173 498 3258 actumque
525 3165 617 3250 fidei,
637 3187 735 3256 quem
759 3169 796 3232 in
819 3188 883 3234 sua
905 3166 1080 3236 haeretica
1104 3163 1198 3235 secta
1219 3167 1297 3236 ab
1286 3189 1426 3235 mcuna·
1487 3221 1488 3244 ,

318 3275 478 3344 bulisin
441 3292 700 3363 msupremam
729 3272 906 3341 Ecclesiae
941 3272 1182 3342 auctoritatem
1217 3273 1340 3342 elicere
1377 3296 1425 3340 as·
1487 3255 1488 3300 ¹

318 3383 409 3451 sueti
433 3387 530 3466 sunt,
555 3380 670 3449 eadam
695 3380 767 3448 fere
789 3380 935 3450 intensit
936 3382 1025 3450 ate
1015 3405 1051 3448 ιιι
1075 3381 1150 3471 ipsa
1171 3381 1341 3451 catholica
1363 3381 1425 3448 Ec

318 3491 424 3560 clesia
453 3489 577 3558 elicere
607 3494 876 3579 prosequentur,
906 3494 1038 3556 mutato
1068 3490 1303 3558 tantummodo
1336 3491 1424 3577 ejus·

318 3600 393 3667 dem
416 3596 497 3665 fidei
519 3595 685 3684 subjecto,
704 3602 888 3684 surrogato
911 3595 1045 3664 scilicet
1067 3595 1162 3686 Papa
1180 3597 1332 3666 Romano
1354 3596 1425 3664 loco

319 3703 538 3795 patriarchae
570 3702 782 3773 Antiocheni
818 3703 874 3773 vel
909 3702 1150 3774 Seleuciensis.
1190 3703 1296 3774 Immo
1332 3702 1423 3772 Sohi·

390 3947 432 4025 (1)
451 3948 516 4007 Vld.
536 3967 564 4005 n.
587 3955 614 4007 8.

390 4037 782 4112 &hamenses

391 4126 1049 4200 mmmmmmwmm.
