3006 4672
301 165 345 232 72
591 185 631 228 nr
653 185 786 231 scamna
807 186 981 230 accussat
1003 187 1128 230 carrrrs

300 281 480 362 dicantur,
494 276 594 346 nullo
613 277 695 364 jure
718 279 884 367 nullaque
905 279 1042 346 ratione
1056 279 1112 346 illi
1127 287 1320 369 competere
1345 303 1421 371 pos·

302 395 386 458 snut
407 395 584 478 tamquam
608 385 840 474 patriarchae,
865 393 907 454 nt
929 387 1107 460 evidenter
1128 393 1237 477 patet,
1257 389 1317 456 sed
1333 395 1421 456 tem·

301 519 405 590 quam
418 517 578 584 supremo
590 517 652 583 pro
665 495 724 576 iis,
737 494 804 562 etsi
820 495 921 577 falso,
930 493 1105 562 Ecclesiae
1119 494 1240 584 capiti.
1255 495 1421 563 Recolen-

301 611 362 672 tur
377 603 484 672 etiam
498 625 540 670 ea
551 623 639 692 quae
651 602 737 669 alibi
753 603 818 669 sub
832 602 955 670 littera
971 599 1063 669 1111
1078 604 1276 688 retulimus,
1287 627 1330 672 ex
1344 606 1418 695 qui·

303 713 366 780 bns
375 711 607 779 certissimum
619 721 776 800 apparet,
788 712 824 778 in
833 711 1006 779 similibus
1018 712 1251 780 locutionibus
1263 735 1332 780 non
1342 736 1418 780 con-

302 818 450 888 siderari
468 819 647 886 Seleuciae
664 819 862 908 episcopum
877 827 918 886 ut
929 821 1175 908 patriarcham,
1190 820 1248 888 sed
1267 830 1310 886 ut
1328 843 1418 887 sum·

301 950 406 1010 mum,
431 926 499 994 etsi
522 925 705 1006 immerito,
731 933 914 1014 pastorem,
933 927 1029 995 Petri
1052 928 1164 1018 ipsius
1180 928 1331 1017 apostoli
1348 928 1419 1019 ple-

300 1056 380 1102 nam
402 1035 648 1102 auctoritatem
672 1033 866 1104 habentem.
889 1036 966 1123 Age
983 1059 1077 1118 vero,
1097 1036 1175 1126 quis
1190 1059 1344 1127 unquam
1362 1037 1420 1104 vel

300 1165 342 1210 ex
359 1142 598 1210 Orientalibus
613 1143 702 1231 ipsis
720 1145 919 1224 somniavit,
939 1143 1096 1233 singulos
1112 1145 1333 1233 patriarchas
1350 1167 1420 1236 qua

300 1253 521 1344 patriarchas
542 1251 640 1319 Petri
663 1251 776 1340 ipsius
799 1275 960 1342 suprema
983 1253 1191 1320 auctoritate
1207 1252 1351 1341 pollere,
1366 1254 1420 1320 ita

299 1371 341 1429 nt
363 1361 490 1428 Petrus
512 1382 580 1426 non
601 1359 673 1448 jem
698 1383 805 1427 uuum
828 1383 1058 1428 successorem
1084 1360 1222 1443 babeat,
1248 1361 1308 1428 sed
1333 1383 1418 1452 qua-

298 1475 381 1538 tuor
404 1469 461 1536 vel
484 1469 638 1560 quinque
658 1469 715 1536 vel
731 1469 908 1559 amplius?
929 1471 1102 1538 Nimirum
1118 1471 1154 1536 in
1167 1469 1224 1536 his
1239 1477 1276 1538 et
1292 1469 1417 1538 simili·

299 1578 364 1646 bns
380 1577 465 1644 locis
477 1577 668 1668 loquuntur
680 1579 881 1646 Nestoriaui
900 1579 941 1648 de
957 1579 1021 1647 illo
1037 1580 1175 1648 Summo
1190 1578 1322 1667 Capite,
1343 1579 1415 1661 cui,
1499 1575 1500 1656 l

298 1686 387 1777 ipsis
408 1686 576 1770 testibus,
602 1693 643 1753 nt
666 1686 751 1754 alibi
780 1681 954 1772 (mm)
978 1687 1181 1770 retulimus,
1210 1709 1337 1754 anemo
1361 1693 1418 1754 est

299 1793 470 1885 superior,
496 1795 566 1862 nisi
589 1794 684 1862 Deus
702 1823 733 1862 n.
759 1797 810 1864 At
832 1795 1053 1886 patriarchae
1076 1817 1145 1886 que
1168 1792 1414 1884 patriarchae,

299 1903 491 1972 fatentibus
515 1903 603 1992 ipsis
624 1903 856 1986 Nestorianis,
883 1903 1094 1992 superiorem
1118 1902 1258 1986 habent,
1277 1903 1337 1993 qui
1363 1910 1419 1969 est

297 2011 474 2080 hmanas
496 2011 668 2101 pontifex.

804 2269 837 2347 5.
856 2264 906 2332 ΙΙ.

432 2462 548 2532 Omnes
571 2476 604 2529 et
625 2463 761 2551 sirpuli
782 2464 934 2552 episcopi
954 2466 1057 2529 statis
1077 2463 1280 2552 temporibus

330 2571 525 2662 Supremam
547 2571 723 2638 Pastorem
745 2572 890 2636 visitare
912 2569 1043 2651 debent,
1069 2569 1194 2660 illique
1215 2573 1385 2638 rationem

526 2679 664 2748 reddere
685 2693 797 2745 status
818 2703 956 2745 sucrum
978 2679 1178 2746 dioeceseon.

372 2877 422 2948 Et
451 2879 516 2950 hcc
548 2881 845 2950 resonantissimis
879 2882 995 2951 verbis
1028 2879 1229 2948 Nestoriani
1263 2877 1414 2968 professi

297 2993 392 3058 suut.
432 2988 475 3056 In
513 2989 694 3079 praedicta
730 2990 822 3058 euim
859 2990 991 3080 synodo
1027 2987 1222 3058 Ezechielis
1261 2986 1412 3076 patriar·

298 3098 383 3169 chae
406 3105 578 3167 statutum
601 3107 665 3184 est,
685 3100 856 3169 referente
878 3097 1093 3188 Ebecljeshoo
1117 3097 1261 3166 Sobensi
1284 3098 1320 3164 iu
1344 3097 1414 3165 No·

223 3197 266 3305 Π
298 3231 425 3274 mcccc.
453 3221 553 3274 tract.
579 3214 612 3274 8.
639 3233 674 3274 u.
704 3214 755 3275 19.
783 3209 857 3295 (l),
888 3216 930 3275 ut
958 3237 975 3272 c
997 3205 1158 3294 Singulis
1181 3211 1332 3295 quatuor
1353 3225 1413 3270 en·

299 3315 390 3381 ruis
420 3315 523 3383 semel
554 3314 814 3403 metropolitae,
848 3321 883 3382 et
913 3313 1064 3404 episcopi
1096 3313 1140 3380 ad
1170 3309 1414 3379 Patriarcham

300 3421 439 3488 nsimul
470 3425 678 3492 conveniant
701 3444 764 3510 pro
787 3422 1022 3488 communibus
1044 3419 1238 3508 negotiisr
1263 3419 1316 3486 Dc
1339 3417 1414 3484 illis

297 3549 378 3595 vero
402 3551 547 3620 quorum
573 3530 744 3599 dioeceses
774 3529 1024 3597 remotissimae
1052 3535 1186 3610 essent,
1215 3526 1266 3594 ita
1298 3525 1413 3594 decre·

165 3606 264 3718 ΠΠ
295 3638 370 3700 tum
406 3642 461 3704 est
490 3638 568 3720 (2):
604 3667 620 3700 u
648 3637 813 3727 Episcopi
847 3659 992 3726 maguae
1022 3635 1243 3725 provinciae,
1277 3633 1415 3702 scilicet

297 3764 314 3799 r
333 3739 397 3807 alii
421 3743 658 3832 metropolitae
684 3744 847 3813 Sinarum
878 3753 914 3812 et
939 3744 1118 3811 ludicrum
1207 3741 1268 3832 qui
1291 3741 1415 3810 dissiti

298 3853 480 3932 nsunt...,
499 3850 651 3938 singulis
674 3874 733 3920 sex
757 3853 860 3920 anuis
880 3852 984 3920 semel
1012 3850 1233 3920 adhaesionis
1249 3853 1321 3934 (sec
1338 3850 1414 3918 obe·

369 4097 411 4261 (l))
423 4100 504 4170 Apud
515 4102 645 4156 elcard.
656 4104 870 4172 liajumScript.
888 4108 948 4157 Vct.
962 4107 1036 4158 Noc.
1051 4105 1169 4160 Collect.
1181 4109 1202 4158 t.
1217 4105 1260 4158 10.
1272 4120 1337 4173 pag.
1347 4106 1412 4162 807.

367 4189 397 4262 (2
422 4192 541 4245 Ibidem.
