3018 4672
554 162 716 206 errarunt
731 164 755 206 1.
1137 141 1203 207 113

82 276 128 344 ad
145 274 244 344 illam
259 275 524 366 prosperitatem
541 295 609 366 qua
624 273 857 345 Occidentalis
876 274 1035 343 Ecclesia
1054 275 1200 359 fruitur,

81 383 279 454 convertite
294 389 331 452 et
346 383 463 453 oculos
487 389 623 454 vestros
638 389 675 452 et
690 384 794 451 corda
816 388 935 451 vestra
958 384 1001 451 ad
1020 383 1118 451 illam
1134 384 1203 451 for-

80 491 256 560 tissimam
277 491 404 560 Arcem
426 490 535 576 Petri,
559 514 601 560 ex
624 512 692 582 qua
715 497 756 558 ut
778 511 800 556 a
822 489 1100 579 splendidissimo
1124 489 1204 558 Sole

81 599 265 668 salutiferi
298 599 392 667 radii
420 603 583 666 emanant
609 605 644 667 et
674 599 712 666 in
740 602 855 666 totum
885 603 1058 670 terrarum
1081 597 1202 666 Orbem

82 707 345 790 diffunduntur,
360 711 396 774 et
408 705 534 793 ubique
549 706 700 774 locorum
719 705 841 788 lucem,
855 706 972 789 robur,
985 705 1094 773 vitam
1106 726 1203 794 prae-

82 817 194 898 stant,
215 813 340 903 quibus
364 809 521 879 omnibus
543 811 702 880 Ecclesia
725 811 897 879 catholica
920 811 1127 879 sustinetur.

151 919 350 990 Certissimi
374 923 494 1004 estote,
513 920 628 1003 amici,
643 919 815 988 Romanos
831 920 1016 989 Pontifices
1033 941 1131 988 caros
1147 940 1203 988 ve·

83 1032 179 1098 strcs
203 1027 296 1094 ritus
318 1049 470 1117 ususque
492 1025 652 1116 proprios
675 1024 757 1094 fidei
779 1049 820 1094 ac
843 1027 1008 1115 religioni
1031 1049 1098 1094 non
1127 1049 1203 1095 con-

81 1137 217 1206 trarios
239 1158 307 1204 non
327 1135 437 1204 solum
452 1135 545 1204 nolle
561 1135 750 1218 destruere,
770 1135 829 1202 sed
854 1133 1074 1203 vehementer
1091 1155 1205 1204 amare

82 1267 123 1314 ac
149 1245 322 1328 venerari,
350 1267 427 1312 cum
450 1244 477 1311 ii
501 1266 561 1331 per
585 1241 811 1311 strictissima
837 1243 954 1311 edicta
980 1263 1079 1331 saepe
1107 1264 1203 1331 prae-

82 1353 307 1444 scripserint,
328 1357 370 1420 ut
384 1374 481 1421 nemo
498 1351 746 1441 cujuscumque
770 1350 958 1439 dignitatis
982 1373 1021 1418 ac
1038 1351 1204 1418 conditio-

81 1461 142 1530 nis
166 1461 259 1529 ritus
282 1459 471 1528 orientales
494 1460 538 1526 ab
561 1457 815 1548 antiquissimis
843 1458 1055 1548 temporibus
1078 1457 1116 1525 in
1139 1457 1203 1526 Eo·

83 1569 198 1639 clesia
226 1568 386 1658 vigentes
416 1569 545 1636 audeat
574 1569 780 1651 immutare,
807 1567 864 1636 vel
893 1567 1206 1657 quomodocumque

82 1683 246 1767 tangere.
272 1677 312 1746 si
336 1699 434 1769 quem
457 1699 539 1767 ergo
563 1677 655 1744 inter
679 1698 740 1746 vos
764 1699 806 1743 ex
830 1675 972 1764 privata
995 1673 1205 1743 auctoritate

82 1789 153 1854 hcc
175 1786 291 1854 facere
312 1790 506 1854 tentantem
530 1783 692 1869 videatis,
720 1783 930 1852 confidenter
956 1783 1111 1851 resistite
1134 1782 1202 1866 illi,

83 1891 172 1984 quia
196 1891 301 1961 Sedes
324 1891 527 1981 Apostolica
553 1893 617 1960 hoc
640 1914 707 1959 non
731 1890 891 1976 mandat,
918 1913 984 1958 non
1009 1889 1201 1972 desiderat,

84 2023 158 2069 non
182 1999 276 2070 vult.
1119 1986 1121 1996 ‘

156 2105 284 2177 Videte
308 2108 473 2198 quomodo
500 2129 615 2176 omnes
640 2106 818 2176 Ecclesiae
841 2105 1032 2176 catholicae
1054 2105 1205 2173 hostium

87 2219 236 2286 conatus
258 2215 302 2284 ad
324 2215 414 2284 hanc
437 2215 668 2305 impetendam
691 2214 788 2284 Petri
812 2213 1018 2282 Catbedram
1041 2215 1203 2299 tendunt;

88 2324 208 2396 videte
232 2323 398 2414 quomodo
421 2325 490 2392 huc
514 2323 693 2392 collimant
721 2322 834 2390 omnia
849 2321 921 2391 tela
938 2343 1024 2412 quae
1041 2322 1206 2390 Infernas

88 2436 215 2501 eontra
236 2430 371 2499 Christi
395 2431 561 2521 Sponsam
585 2430 747 2499 contiuuo
763 2429 882 2518 ejicit!
902 2430 1024 2499 Nonne
1040 2429 1104 2498 hoc
1120 2428 1206 2497 satis

89 2539 273 2610 evidenter
289 2538 434 2624 iudicat,
448 2539 541 2628 ipsos
556 2542 692 2606 nostros
707 2537 825 2606 hostes
841 2543 1049 2626 compertum
1065 2537 1203 2621 habere,

89 2653 203 2718 totam
233 2647 305 2717 vim
335 2647 444 2736 hujus
474 2647 590 2716 divini
612 2645 775 2714 Aedificii
805 2646 847 2712 ab
878 2643 943 2714 hac
966 2645 1072 2713 Petra
1102 2666 1206 2735 super

90 2777 195 2848 quam
218 2753 381 2823 Christus
403 2755 479 2844 ipse
501 2754 592 2823 illud
615 2753 792 2838 fundavit,
813 2753 953 2820 omnino
969 2753 1206 2843 pendere‘lCa-

91 2886 236 2936 veamus
259 2886 301 2932 ne
323 2868 358 2932 et
380 2885 442 2930 nos
464 2863 553 2934 hanc
577 2863 767 2952 piissimam
791 2861 949 2947 Matrem,
969 2885 1069 2953 quarn
1090 2863 1205 2931 defen-

91 2974 173 3042 dere
197 2972 295 3040 nobis
319 2994 436 3042 aarum
459 2994 532 3041 esse
557 2973 678 3056 debet,
704 2971 773 3060 ipsi
797 2994 874 3040 cum
897 2971 1049 3040 inimicis
1077 2969 1206 3038 nostris

91 3081 322 3172 impetamus;
349 3101 554 3165 caveamus,
580 3103 623 3148 ne
646 3101 743 3147 arma
765 3079 923 3148 manibus
948 3101 1065 3147 eorum
1089 3079 1125 3144 in
1149 3099 1205 3144 no·

92 3195 204 3257 stram
227 3187 363 3256 ruinam
388 3187 579 3256 tradamus.

158 3295 315 3387 Denique
339 3297 370 3364 si
393 3295 668 3385 Syrochaldaeos
691 3294 910 3363 dulcissimae
940 3291 1089 3360 unitatis
1120 3289 1205 3362 deli·

93 3404 168 3474 ciae
192 3425 259 3471 non
282 3402 458 3490 alliciunt,
474 3403 504 3472 si
527 3408 582 3472 to't
604 3407 847 3494 tantorumque
871 3401 1074 3491 populorum
1099 3419 1208 3466 exem-

92 3511 191 3602 plum
221 3512 427 3600 persuadere
461 3511 601 3602 nequit,
627 3510 811 3580 imitentur
835 3509 885 3594 ii,
911 3531 1057 3599 quaeso,
1084 3506 1206 3574 saltem

93 3619 243 3708 majores
266 3643 357 3704 suos,
377 3619 437 3710 qui
454 3640 658 3710 quamquam
675 3619 711 3685 in
727 3616 914 3686 schismate
929 3621 964 3684 et
979 3614 1115 3684 haeresi
1132 3635 1207 3683 ver-

94 3734 225 3814 santes,
244 3749 451 3820 quamquam
474 3727 585 3797 variis
608 3727 646 3796 in
661 3725 835 3816 capitibus
851 3747 872 3792 a
887 3724 1037 3795 veritate
1051 3723 1208 3791 aberran-

93 3844 159 3923 tes,
178 3838 290 3929 qucad
314 3837 561 3926 gravissimum
586 3843 701 3906 tamen
723 3835 906 3924 religionis
930 3832 1205 3916 fundamentum,
1260 3921 1263 3930 V

93 3946 335 4016 necessitatem
357 3945 497 4036 inquam
521 3966 699 4036 supremae
715 3943 952 4027 auctoritatis,
972 3962 1041 4033 qua
1051 3939 1209 4008 Ecclesia

95 4054 174 4144 regi
189 4054 322 4138 debeat,
341 4057 377 4122 et
391 4060 484 4122 recte
500 4076 631 4144 semper
648 4075 784 4123 sensere
800 4055 835 4120 et
847 4054 1078 4140 congruenter
1093 4069 1206 4136 cgere.

95 4164 129 4232 Ii
151 4163 243 4232 enim
266 4161 438 4232 unitatem
460 4161 498 4231 in
521 4161 677 4230 omnibus
700 4181 895 4252 agnovere,
924 4159 961 4226 in
984 4155 1145 4245 legibus,
1171 4153 1209 4225 in

1070 4291 1089 4350 8
