3006 4672
578 361 611 434 ἓ.
628 352 711 420 VII.

361 591 364 598 ⁴
400 552 551 620 Summus
575 551 752 618 Ecclesiae
777 553 902 620 Pastor

128 672 249 748 potest
273 661 502 748 episcoporum
525 674 557 724 et
581 659 873 746 metropolitarum
897 663 1147 742 auctoritatem,

302 780 408 854 prout
430 767 518 831 actile
541 791 580 832 ac
604 781 828 854 opportunum
845 767 994 855 judicet,
1031 832 1037 839 .

434 873 471 936 ia
495 871 672 962 aliquibus
697 873 861 941 limitare.

150 1087 330 1177 Principio
358 1079 608 1156 advertendum
635 1097 709 1173 est,
738 1091 828 1181 quod
860 1099 1011 1181 tempore
1041 1115 1107 1181 quo
1138 1093 1205 1162 Ne·

77 1197 237 1267 storiani
259 1197 303 1264 ab
325 1196 485 1265 Ecclesia
512 1198 663 1292 separati
693 1204 787 1281 sunt,
822 1197 944 1266 multis
973 1199 1205 1268 facultatibus

75 1313 157 1373 turn
183 1305 425 1394 metropolitae
448 1312 522 1373 tum
546 1307 699 1395 episcopi
723 1307 944 1391 fruebantur,
977 1329 1123 1398 quarum
1147 1307 1203 1376 de-

77 1415 310 1502 scriptionem
333 1413 453 1480 videre
477 1421 530 1480 est
552 1413 645 1501 apud
670 1412 935 1480 Thomassinum
969 1416 1039 1483 Vct.
1056 1431 1088 1482 cc
1115 1415 1201 1484 Noc.

77 1522 265 1590 Ecclesiae
287 1521 476 1608 Disciplina.
507 1519 673 1588 Pluribus
708 1519 831 1588 harum
857 1522 1068 1592 facultatum
1092 1531 1205 1593 nesto·

78 1627 246 1696 rianismi
265 1629 426 1696 Summus
442 1628 618 1710 Pontifex,
638 1627 735 1694 nullo
749 1629 968 1716 justificatus
985 1631 1091 1699 titulo
1108 1653 1204 1721 prae·

78 1744 136 1804 ter
150 1735 319 1822 temporis
335 1734 589 1816 necessitatem,
609 1757 688 1801 suos
704 1737 943 1824 metropolitas
960 1738 1203 1827 coepiscopos,

79 1843 169 1934 quin
195 1842 233 1908 hi
258 1842 505 1924 reniterentur,
526 1843 676 1910 credidit
699 1843 861 1932 spoliare.
880 1844 1077 1913 Nonnullae
1093 1869 1134 1913 ex
1150 1847 1206 1914 his

79 1950 317 2020 facultatibus
334 1948 406 2038 jam
431 1949 668 2038 superioribus
693 1952 923 2041 paragraphis
947 1953 1203 2042 perpendimus·

78 2060 186 2127 Inter
211 2063 342 2126 ceteras
358 2057 676 2126 aNestorianorum
701 2059 906 2128 Patriarolra
923 2061 990 2128 sibi
1009 2069 1206 2130 reservatas

81 2189 348 2238 commemorare
372 2189 464 2233 nunc
485 2166 593 2254 juvat
614 2167 674 2255 jus
690 2168 901 2235 monasteria
933 2169 1137 2260 scholasque
1161 2171 1205 2238 ab

80 2276 291 2344 antistitum
312 2273 561 2362 jurisdictione
584 2274 770 2356 eximendi,
788 2276 966 2364 episcopos
990 2284 1025 2343 et
1039 2287 1204 2366 metropo-

80 2386 171 2454 litas
193 2382 400 2472 judicandi,
427 2383 607 2470 puniendi,
633 2405 674 2450 ao
698 2384 903 2472 deponendi,
922 2407 979 2452 eos
1003 2387 1045 2451 ab
1068 2407 1138 2451 una
1161 2387 1205 2454 ad

81 2494 234 2560 alteram
249 2490 361 2558 sedem
375 2491 626 2572 transferendi,
639 2490 776 2578 jejunia
792 2499 827 2558 et
851 2494 942 2558 festa
958 2514 1019 2578 pro
1036 2496 1109 2558 toto
1123 2514 1206 2560 suae

81 2605 199 2667 sectae
225 2618 330 2684 grege
353 2594 543 2678 indicendi,
563 2618 696 2662 sacram
721 2596 905 2684 liturgiam
922 2596 1137 2689 officiumque
1154 2599 1205 2666 di-

82 2709 210 2776 vinum
234 2705 414 2773 statuendi
437 2727 477 2774 ac
501 2705 698 2788 ordinandi,
724 2705 1000 2794 dispensationes
1024 2707 1206 2795 graviores
1261 2713 1262 2716 ’

82 2818 128 2883 ab
154 2813 414 2882 universalibus
437 2813 615 2881 Ecclesiae
631 2813 770 2901 legibus
787 2813 1005 2900 concedendi,
1024 2815 1207 2908 dequibus

82 2923 246 2992 omnibus
268 2920 411 3010 longum
436 2931 526 2989 esset
544 2921 685 3010 singula
701 2922 905 2990 documenta
922 2923 1103 3005 adducere,
1120 2944 1206 3013 quae

83 3031 225 3124 quidem
258 3030 370 3098 videri
403 3035 548 3118 possunt
578 3029 670 3118 apud
693 3029 829 3098 Assem.
856 3031 950 3098 Bill.
972 3029 1028 3097 Or.
1050 3045 1075 3097 t.
1093 3037 1114 3096 3
1129 3035 1207 3117 aa

84 3163 162 3227 cop.
191 3137 469 3218 dePotriurclra,
488 3161 550 3205 nec
573 3161 640 3205 non
664 3139 757 3226 apud
780 3137 903 3224 Ebedj.
931 3137 1111 3206 Sobensem
1135 3137 1205 3206 edi·

83 3247 163 3317 tum
188 3267 209 3312 a
233 3245 276 3313 ol.
297 3244 400 3329 Maio,
418 3253 454 3312 et
465 3245 565 3312 alios
580 3245 727 3314 interim
745 3270 807 3314 nos
824 3270 865 3317 ex
885 3246 938 3313 his
955 3247 1111 3314 omuibus
1128 3267 1205 3313 con-

86 3353 275 3438 cludimus
291 3351 514 3421 Chaldaicam
538 3359 698 3442 gentem,
722 3355 789 3422 etsi
815 3377 876 3442 per
899 3353 1049 3420 schisma
1072 3355 1115 3420 ab
1137 3352 1203 3422 Ec·

85 3463 196 3533 alesia
219 3463 391 3546 divisam,
410 3462 629 3552 praeclarum
656 3463 754 3530 nobie
777 3463 940 3531 exhibere
964 3461 1201 3530 testimonium

85 3571 181 3664 quod
197 3572 384 3640 secundum
401 3582 593 3662 temporum
611 3569 824 3640 conditiones
840 3580 875 3640 et
889 3570 1114 3639 necessitates
1130 3593 1204 3660 pos-

85 3684 175 3748 sunt
188 3679 484 3768 metropolitarum
498 3703 537 3748 ao
553 3680 788 3770 episcoporum
806 3679 1007 3763 facultates,
1024 3701 1086 3768 pro
1101 3678 1207 3768 majo·

85 3789 119 3855 ri
142 3785 319 3855 Ecclesiae
334 3789 430 3872 bono,
444 3809 464 3853 a
478 3787 793 3874 SummoPontilice
806 3787 953 3856 limitari
965 3809 1005 3856 ae
1019 3786 1203 3858 coarctari.

85 3893 337 3964 Observatione
347 3917 492 3988 namque
505 3895 651 3986 dignum
660 3895 822 3988 estquod
835 3895 950 3964 eodem
960 3895 1032 3964 fere
1041 3903 1205 3985 tempore,

87 4025 155 4096 quo
179 4002 361 4092 pontifices
383 4003 530 4072 Romani
555 4002 593 4100 in
616 4002 801 4072 Occidente
832 4001 1069 4094 episcoporum
1096 4000 1206 4090 juris·

86 4111 277 4181 dictionem
300 4133 363 4201 pro
393 4131 510 4180 rerum
541 4111 720 4202 adjunctis
749 4111 963 4200 restringere
996 4115 1205 4200 coeperunt,
