3018 4672
290 103 335 169 90
593 126 783 171 onnsannss
806 125 1103 172 consmnasrronns

289 237 380 318 timi,
392 238 559 325 potestati
570 237 701 305 limites
713 259 849 327 ponere,
868 237 1015 307 alterius
1028 244 1155 320 tamen,
1168 237 1230 327 qui
1238 237 1253 325 j
1258 257 1321 304 ure
1331 235 1412 304 divi

291 365 335 410 no
361 342 532 432 imperat,
558 343 681 411 debeat
710 345 954 436 antiquissima
977 344 1181 434 jurisdictio
1204 343 1412 435 quibusdam

291 450 530 518 circumscribi
542 450 714 519 limitibus
727 459 830 542 atque
847 452 1120 520 conditionibus?
1136 451 1206 520 Cur
1219 451 1280 543 qui
1296 457 1411 520 nesto·
1496 491 1497 496 κ

290 556 495 625 rianismum
518 558 827 648 amplectebantur,
853 559 1010 628 absolute
1037 567 1073 628 et
1097 561 1172 629 sine
1194 559 1271 627 ulla
1293 559 1410 628 condi·

291 664 385 732 tione
409 663 510 732 illum
533 667 741 735 tenebantur
765 669 959 756 suscipere,
986 675 1024 735 at
1047 668 1107 759 qui
1132 667 1409 736 catholicismum

291 771 454 861 amplecti
479 771 601 856 velint,
628 775 935 864 circumspectione
959 776 1107 866 quadam
1130 777 1256 844 debent
1279 776 1409 864 inipso

292 879 434 947 admitti
456 886 491 948 et
506 881 664 964 retineri,
684 904 726 949 ne
748 904 865 949 eorum
884 883 1072 951 videantur
1095 883 1188 950 laedi
1210 881 1411 951 libertates?

291 986 363 1056 Cur
374 987 407 1057 N
408 989 657 1057 estorianorum
671 989 879 1060 Patriareha
896 992 1058 1082 antiquos
1074 991 1250 1060 Ecclesiae
1263 1011 1411 1058 canones

292 1109 415 1180 habito
426 1113 562 1181 ratione
574 1114 740 1203 temporis
753 1106 889 1272 (Ἃρ)
905 1115 1032 1204 potuit,
1059 1115 1144 1183 licet
1166 1113 1328 1203 legitima
1351 1135 1409 1181 au·

293 1275 456 1343 ctoritate
480 1295 612 1359 carens,
628 1281 775 1362 mutare,
795 1282 831 1343 et
846 1276 1020 1343 Romanus
1037 1275 1205 1364 pontifex,
1225 1275 1287 1366 qui
1303 1276 1409 1343 omni·

294 1382 358 1450 bns
380 1381 593 1472 patriarchis
617 1383 775 1472 superior
805 1390 876 1466 est,
903 1382 1053 1471 idipsum
1077 1405 1145 1449 non
1174 1383 1331 1473 poterit?
1353 1385 1409 1450 Au

293 1490 375 1583 quia
407 1490 665 1558 nestorianismi
702 1515 884 1582 supremus
910 1491 990 1558 Dux
1021 1490 1096 1558 sine
1128 1489 1409 1580 patriarcharum

291 1597 464 1687 praesidio
487 1621 627 1688 gregem
651 1622 752 1668 suum
776 1600 978 1668 universum
1003 1621 1065 1689 per
1087 1597 1333 1666 dissitissimas
1356 1620 1407 1665 re-

292 1706 411 1794 giones
434 1704 628 1795 dispersum
651 1730 782 1798 regere,
813 1708 1018 1796 gubernare,
1054 1706 1225 1773 dominari
1251 1728 1287 1773 se
1312 1727 1409 1795 posse

292 1812 464 1898 credebat,
477 1813 681 1906 nullumque
693 1817 731 1881 in
744 1838 826 1882 suae
842 1814 1027 1905 potestatis
1043 1813 1210 1881 exercitio
1226 1812 1295 1879 sibi
1312 1834 1409 1901 supe·

296 1920 420 1988 riorem
436 1927 574 2009 praeter
591 1922 714 2005 Deum,
734 1945 841 2012 neque
858 1922 972 2010 ipsum
988 1921 1186 2003 concilium,
1202 1920 1410 2008 agnoscebat

294 2031 472 2128 (Dm),
489 2034 656 2114 XXX),
671 2029 923 2097 catholicitatis
947 2027 1092 2096 sublime
1107 2027 1253 2094 Astrum
1271 2033 1409 2095 tenetur

293 2133 434 2222 regulas
455 2136 498 2203 ab
513 2136 738 2204 inferioribus
754 2135 971 2224 excogitatas
994 2135 1187 2202 necessario
1210 2132 1408 2202 observare?

293 2239 350 2308 Ad
363 2240 545 2328 hominem,
561 2250 602 2311 ut
617 2243 731 2332 ajunt,
746 2249 989 2332 argumentum
1002 2242 1200 2330 dirigimus,
1216 2249 1257 2310 ut
1270 2241 1409 2310 videant

293 2347 350 2416 illi
373 2350 433 2440 qui
456 2373 474 2419 e
497 2352 762 2419 nestorianismo
795 2351 849 2420 vel
877 2350 1098 2439 jacobitismo
1123 2353 1224 2434 (nam
1248 2349 1406 2416 nolumus

291 2453 424 2524 limites
440 2457 575 2525 anobis
598 2457 686 2547 ipsis
709 2457 745 2525 in
769 2457 833 2524 hoc
857 2479 955 2546 opere
980 2455 1260 2545 circumscriptos
1283 2454 1406 2523 transi·

294 2561 383 2648 lire)
414 2564 459 2632 ad
491 2564 700 2634 catholicam
732 2566 902 2633 unitatem
930 2564 1097 2645 veniunt,
1124 2584 1192 2654 qua
1215 2561 1406 2630 rationein

290 2690 395 2737 verae
418 2669 544 2739 Matris
563 2673 648 2741 ’sinu
671 2695 707 2741 se
730 2693 850 2761 gerere
873 2672 1040 2758 debeant;
1067 2693 1111 2737 ne
1134 2669 1203 2753 bie,
1228 2669 1290 2738 ubi
1315 2669 1404 2750 ordo,

291 2773 409 2863 juset
432 2780 566 2848 veritas
597 2779 801 2848 radicaliter
833 2785 1005 2867 regnant,
1032 2778 1099 2846 sibi
1126 2799 1200 2845 eam
1223 2776 1406 2845 reclamare

293 2894 518 2973 praesumant
540 2884 752 2971 libertatem,
771 2909 873 2980 quam
889 2885 965 2954 illic
980 2886 1107 2954 habere
1123 2908 1189 2952 non
1206 2891 1402 2975 potueruut,

293 2994 353 3062 ubi
376 2995 572 3085 usurpatio,
599 3017 696 3063 error
719 3001 822 3086 atque
845 2993 1058 3063 incertitudo
1079 2993 1245 3062 resident.

643 3440 1066 3658 &Qas-
