3006 4672
297 71 319 138 8
695 95 736 138 nn
760 95 852 142 curu.
873 94 900 140 s.
917 94 1015 141 rrrur

298 230 315 264 n
334 204 458 296 cuique
471 203 575 272 dixit:
589 205 695 274 Pasce
710 205 869 276 oviculas
880 227 985 290 meas,
1001 227 1082 276 oves
1095 227 1199 290 meas,
1215 227 1323 294 agnos
1342 230 1419 296 gre·

300 312 391 401 ngis
414 312 492 396 mei,
517 317 553 381 et
575 313 765 402 diligenter
788 336 873 384 cura
896 321 937 383 ut
959 314 1112 383 evadant
1134 313 1203 382 filii
1222 313 1420 382 Jerusalem

224 421 268 517 Q)
300 419 507 488 »coelestia
525 419 604 490 nEt
619 420 655 488 in
678 420 790 510 primo
813 427 982 491 nocturno
1009 421 1059 509 (1)
1090 421 1244 490 canitur:
1266 450 1282 486 c
1300 421 1421 490 Simon

301 554 316 590 n
334 527 498 616 Barjcna,
525 549 629 618 super
652 534 687 598 te
703 529 891 598 aedificabo
906 528 1100 598 Ecclesiam
1115 551 1236 614 meam,
1255 529 1350 597 dixit
1366 528 1422 596 illi

300 659 316 696 n
335 635 504 702 Dominus
526 634 603 702 eius
623 635 760 721 jubens.
787 635 868 703 Tibi
882 635 975 704 enim
990 635 1128 704 tradam
1144 634 1263 705 claves
1278 634 1369 704 cccli
1383 640 1421 702 et

300 746 462 827 nterrae,
482 748 523 810 ut
544 741 635 831 liges
658 747 695 810 et
710 741 838 827 solvas,
857 748 894 811 et
909 742 1002 810 nihil
1017 744 1142 812 obstet.
1158 770 1174 806 n
1194 743 1284 810 Tum
1305 743 1344 810 in
1358 766 1420 810 se·

298 851 409 919 cundo
442 857 612 920 nocturno
647 850 829 920 inducitur
861 849 1025 921 Christus
1055 851 1160 920 Petro
1196 850 1313 920 dicens
1341 851 1419 938 (2):

218 949 268 1020 R
301 959 437 1028 «Pasce
461 959 619 1048 agnellos
642 981 745 1043 meos,
761 979 870 1048 agnos
893 981 996 1044 meos,
1012 966 1048 1027 et
1070 981 1152 1028 oves
1175 981 1279 1046 meas;
1301 960 1340 1028 in
1366 961 1421 1028 die

300 1092 316 1128 n
335 1070 452 1134 autem
477 1088 544 1156 quo
559 1087 686 1134 venero
703 1087 781 1134 cnm
796 1065 933 1154 angelis
948 1066 1046 1150 meis,
1061 1086 1083 1132 a
1098 1067 1258 1134 manibus
1273 1066 1349 1134 tuis
1370 1090 1421 1135 re·

299 1199 316 1236 n
334 1179 447 1262 petam
470 1195 611 1262 gregem
635 1195 735 1263 quem
758 1172 825 1240 tibi
840 1173 986 1242 tradidi.
1005 1199 1021 1236 n
1041 1173 1199 1264 Denique
1214 1174 1251 1241 in
1264 1173 1353 1242 hora
1377 1175 1420 1242 I.¹

236 1279 267 1354 S
298 1281 395 1349 canit
415 1280 574 1351 Ecclesia
597 1281 669 1369 (d):
699 1281 775 1348 «In
799 1281 1120 1351 commemoratione
1143 1281 1295 1376 Simonis
1322 1284 1420 1352 Petri

299 1414 315 1450 n
334 1388 489 1457 laetatur
500 1393 536 1456 et
547 1386 687 1455 exultat
700 1393 821 1456 sancta
832 1387 1004 1473 Ecclesia,
1019 1388 1102 1479 qnia
1113 1388 1189 1477 ipse
1201 1410 1306 1478 snper
1318 1389 1419 1458 fidem

298 1522 315 1557 n
334 1495 490 1565 firmavit
505 1517 591 1580 eam,
614 1501 655 1564 ut
677 1494 880 1564 aflnctibue
897 1497 1103 1566 commoveri
1119 1501 1281 1587 nequeat.
1299 1524 1316 1559 n
1335 1495 1419 1578 Qni-

295 1603 361 1670 bus
374 1608 563 1672 consonant
581 1623 621 1669 ea
633 1623 720 1694 quae
732 1601 905 1671 habentur
918 1603 955 1671 in
968 1603 1077 1672 officio
1089 1604 1260 1673 secundae
1273 1605 1418 1673 domini·

298 1729 356 1775 cae
363 1707 601 1776 Dedicationis
610 1707 788 1777 Ecclesiae
801 1708 838 1776 in
851 1709 1093 1778 II.⁰nocturnc
1114 1710 1176 1797 (4),
1191 1709 1251 1777 ubi
1271 1709 1416 1778 dicitur:

203 1822 268 1899 §a
300 1813 443 1884 uBeata
465 1835 502 1883 es
525 1812 705 1898 Ecclesia,
733 1813 816 1904 quia
839 1814 957 1885 claves
979 1819 1060 1884 tuae
1084 1815 1243 1884 manibus
1265 1816 1418 1884 traditae

298 1949 315 1986 n
332 1929 415 1992 sunt
430 1922 592 2006 Simonis,
609 1924 671 2012 qui
687 1935 735 1987 esc
751 1921 857 1990 Petra
872 1927 908 1990 et
922 1921 1213 1992 Fundamentum.
1230 1941 1246 1986 e
1391 1925 1394 1929 “

363 2030 430 2099 Sed
454 2030 564 2098 multo
587 2029 700 2118 magis
723 2027 924 2118 eloquentia
940 2033 1024 2098 sunt
1038 2051 1080 2099 ea
1094 2031 1222 2120 quibus
1246 2031 1417 2119 Syrorum

295 2135 455 2206 Ecclesia
470 2121 567 2206 Petri
581 2137 768 2226 primatum
781 2135 1043 2225 jurisdictionis
1063 2137 1101 2204 in
1117 2138 1300 2207 universos
1318 2138 1417 2207 chri-

295 2246 343 2312 sti
357 2244 477 2314 fideles
492 2243 672 2333 praedicat
687 2243 725 2310 in
741 2244 832 2312 festo
848 2249 1047 2313 sanctornm
1065 2244 1302 2335 apostolorum
1320 2247 1417 2315 Petri

222 2352 264 2426 Τ
294 2357 329 2420 et
358 2352 473 2421 Pauli.
498 2350 542 2419 In
571 2350 682 2441 primo
699 2349 790 2419 enim
813 2357 982 2420 nocturno
1006 2352 1056 2440 (5)
1081 2351 1226 2420 dicitur:
1255 2381 1273 2415 a
1298 2351 1417 2420 Simon

296 2460 577 2550 „Apostolorum
593 2459 754 2548 princepe
781 2481 890 2547 supra
915 2481 1046 2526 omnem
1070 2464 1283 2548 potestatem
1310 2460 1415 2530 domi·

297 2594 313 2630 n
331 2568 427 2635 nium
443 2566 579 2652 habuit,
598 2571 640 2635 ut
662 2566 794 2654 ligaret
816 2571 852 2635 et
867 2566 1020 2635 solveret
1034 2567 1109 2635 sine
1124 2567 1381 2656 impedimento.
1398 2594 1413 2628 n

294 2675 338 2743 In
353 2676 502 2745 secundo
530 2679 646 2743 autem
661 2679 832 2743 nocturno
847 2673 898 2741 sic
921 2676 1063 2742 Petrum
1087 2673 1282 2765 alloquitur
1296 2673 1415 2742 Eccle-

224 2774 265 2844 1]
296 2783 349 2851 sia
361 2783 423 2872 (6)
441 2783 602 2851 «Beatus
614 2803 662 2866 es,
678 2781 761 2872 quia
771 2781 837 2850 Dei
847 2780 965 2848 Filius
976 2779 1087 2868 elegit
1098 2785 1145 2865 te,
1161 2780 1414 2873 constituitque

298 2916 313 2953 n
334 2896 440 2981 caput
455 2888 706 2978 discipulorum
720 2909 873 2972 snorum,
888 2887 1024 2978 tibique
1036 2887 1206 2957 virtutem
1217 2894 1253 2956 ct
1263 2891 1413 2977 potesta-

220 2979 266 3050 Ὺ
298 3025 314 3062 n
332 3004 402 3067 tem
415 2997 522 3082 dedit,
535 3003 576 3065 ut
587 2995 761 3066 divinitus
773 2995 890 3065 solvas
901 3000 938 3064 ct
949 2994 1051 3084 liges.
1064 3021 1079 3058 n
1094 2995 1240 3065 Deinde:
1257 2996 1413 3064 «Beatus

298 3135 313 3169 n
330 3128 367 3176 es
378 3106 492 3190 Patre,
505 3104 589 3195 quia
600 3102 717 3172 Filius
729 3102 794 3172 Dei
807 3103 844 3171 in
856 3101 1034 3172 Ecclesiae
1047 3123 1129 3171 suae
1142 3102 1367 3172 fundamento
1378 3109 1412 3172 te

296 3241 311 3274 n
331 3212 528 3298 collocavit,
544 3218 585 3281 ut
608 3212 702 3280 feras
718 3211 853 3300 pondus
868 3211 979 3280 totius
995 3209 1128 3295 domus,
1144 3210 1328 3300 sicutipse
1344 3210 1413 3277 fert

295 3347 310 3382 n
328 3321 440 3391 totius
456 3321 586 3408 mnndi,
606 3326 642 3390 et
657 3341 718 3410 per
732 3318 936 3387 firmitatem
956 3317 1183 3386 confessionis
1199 3322 1282 3386 tuae
1298 3317 1411 3404 dispu-

295 3427 481 3497 ntationes
508 3433 543 3496 et
567 3427 691 3516 jurgia
713 3423 999 3515 philosophorum
1028 3429 1249 3493 evanescent.
1281 3422 1414 3522 Sponsa

365 3644 406 3719 (1)
425 3647 533 3699 Ibidem
553 3664 617 3714 pag.
634 3648 695 3698 112.

366 3732 407 3809 (2)
426 3737 535 3789 Ibidem
554 3752 619 3804 pag.
637 3737 698 3788 119.

364 3821 407 3898 (3)
425 3825 534 3877 Ibidem
552 3841 618 3892 pag.
634 3825 695 3876 129.

356 3913 406 3986 (4)
425 3915 492 3968 Ocd.
506 3916 581 3968 LXI.
596 3930 661 3982 pag.
674 3914 718 3966 61.

362 4001 404 4074 (ὅ)
423 4003 490 4056 ch.
505 4003 591 4060 LXV.
612 4018 677 4071 pag.
691 4002 752 4055 369,

364 4089 406 4164 (6)
425 4093 534 4146 Ibidem
553 4109 618 4160 pag.
636 4093 700 4144 373.
