3006 4672
417 504 717 574 auricomos
744 504 814 575 IV.

49 755 90 799 DE
116 757 253 802 JURlBUS
277 757 382 804 summ
406 756 579 801 accursum
607 757 744 816 chr1rls,
771 757 834 801 PER
856 755 1173 801 SYROCEALDAEORUM

388 873 589 919 TESTIMONIA
612 874 844 918 conpressam.

119 1103 219 1185 Quae
242 1101 374 1170 Summi
398 1103 575 1172 Ecclesiae
598 1103 754 1170 Pastoris
777 1103 850 1170 sint
873 1103 1013 1192 propria
1035 1101 1172 1169 nativa·

54 1234 120 1301 que
142 1211 250 1300 jura,
276 1233 360 1278 usus
384 1211 538 1300 priorum
563 1211 757 1278 seculorum
782 1211 976 1280 luculenter
1000 1209 1035 1276 in
1060 1217 1173 1278 totum

55 1319 236 1388 ostendere
260 1342 327 1386 non
345 1321 472 1408 potuit,
490 1343 568 1388 cum
586 1319 704 1387 varias
720 1325 859 1408 propter
876 1340 1010 1400 causas,
1025 1317 1174 1406 exempli

54 1427 173 1514 gratia
185 1427 378 1496 infidelium
391 1426 713 1517 haereticorumque
726 1428 995 1516 persecutiones,
1008 1425 1174 1492 itinerum

22 1622 26 1632 ¹
55 1535 195 1602 infinita
223 1536 454 1620 incommoda,
480 1535 706 1604 difficultates
730 1537 823 1602 inter
847 1535 991 1602 dissitas
1015 1535 1174 1623 regiones

57 1645 341 1726 communicandi,
367 1645 517 1736 aliaque,
537 1645 699 1712 Summus
723 1643 900 1712 Ecclesiae
917 1644 1041 1711 Pastor
1064 1642 1175 1710 multa

56 1774 95 1818 ex
117 1753 259 1840 juribus
277 1776 359 1821 suae
376 1777 554 1842 supremae
570 1753 776 1822 auctoritati
794 1752 1068 1835 inhaerentibus,
1084 1751 1174 1840 prio·

59 1859 154 1926 ribus
177 1859 253 1927 illis
276 1861 404 1928 seculis
428 1883 585 1929 exercere
610 1859 703 1927 haud
728 1859 895 1927 crederet.
927 1859 1025 1925 Unde
1049 1858 1176 1946 priscis

58 1964 130 2032 illis
153 1968 366 2056 temporibus
391 1969 558 2057 partiales
582 1967 746 2036 ecclesiae
771 1989 832 2055 per
851 1967 964 2034 orbern
982 1965 1175 2032 minoribus·

59 2071 147 2139 inter
171 2097 206 2141 se
231 2074 384 2142 vinculis
417 2075 622 2164 conjunctae
653 2081 772 2155 erant,
799 2073 999 2164 singulique
1023 2072 1176 2162 episcopi

61 2181 178 2269 majori
204 2183 352 2272 quodam
376 2183 587 2251 facultatum
614 2183 780 2251 exercitio
806 2183 1032 2267 fruebantur3
1060 2182 1112 2248 ita
1135 2186 1176 2248 ut

61 2284 214 2376 Supremi
238 2290 393 2357 Pastoris
417 2291 609 2359 auctoritas
632 2291 771 2358 nonnisi
796 2291 832 2357 in
856 2291 1049 2358 rarioribus
1067 2295 1103 2357 ct
1118 2311 1174 2356 ex·

62 2396 300 2464 traordinariis
324 2397 462 2464 casibus
481 2420 553 2465 sese
570 2399 778 2466 ostenderet.
800 2398 850 2464 At
866 2405 1040 2466 crescente
1057 2404 1175 2486 postea

63 2510 93 2568 et
113 2527 172 2594 per
197 2507 415 2574 vastissimas
437 2507 728 2598 longissimosque
752 2516 867 2575 terrae
889 2507 1011 2596 plagas
1029 2528 1100 2573 sese
1118 2528 1174 2574 ex-

64 2611 215 2682 tendente
239 2614 411 2698 Ecclesia,
431 2617 647 2684 cessantibus
671 2617 753 2684 ilem
775 2615 848 2704 jam
872 2637 998 2704 magna
1018 2637 1059 2680 ex
1077 2617 1174 2702 parte
1212 2653 1215 2662 ,

64 2720 208 2804 priorum
232 2721 425 2790 seculorum
449 2722 718 2811 impedimentis,
739 2723 897 2811 Supremi
919 2721 1096 2790 Ecclesiae
1114 2720 1175 2789 Sa·

67 2826 204 2895 cerdotis
225 2828 320 2918 jura,
347 2853 409 2898 suo
434 2831 567 2898 muneri
595 2855 636 2899 cx
661 2831 783 2898 divina
799 2830 1025 2920 dispositione
1044 2851 1174 2917 compe·

66 2935 187 3020 tentia,
214 2958 275 3026 per
306 2937 508 3006 universum
537 2946 711 3007 terrarum
739 2941 852 3008 orbem
886 2945 1072 3028 coeperunt
1102 2959 1175 3005 sese

67 3041 214 3111 evolvere
236 3052 272 3112 et
295 3045 331 3112 in
356 3070 456 3114 usum
480 3048 619 3134 venire;
645 3047 697 3114 ita
721 3054 762 3114 ut
786 3047 946 3136 Supremi
963 3044 1097 3132 Capitis
1114 3066 1173 3110 au·

69 3149 231 3220 claritatis
257 3153 461 3222 exercitium
478 3154 710 3223 necessarium
727 3176 800 3223 esse
819 3153 976 3221 absolute
994 3151 1174 3240 dignosce·

69 3261 153 3325 retur
169 3283 235 3328 non
252 3267 390 3330 tantum
407 3286 427 3329 a
443 3263 627 3338 catholicis
642 3262 791 3352 populis,
809 3261 1052 3330 verumetiam
1069 3260 1112 3326 ab
1130 3257 1172 3326 il·

70 3357 107 3427 lis
126 3367 181 3455 qui
206 3389 223 3434 e
248 3368 327 3435 sinu
350 3369 528 3438 Ecclesiae
558 3369 750 3437 catholicae
771 3369 843 3455 jam
867 3367 998 3456 egressi
1023 3375 1135 3433 erant.

125 3470 281 3542 Influxus
298 3477 387 3542 enim
404 3477 570 3544 veritatis
586 3475 777 3544 catholicae
795 3497 880 3564 quae
893 3473 1172 3541 Christianorum

74 3585 224 3651 mentibus
247 3585 291 3651 ab
314 3584 391 3673 ipsa
407 3583 610 3652 nativitatis
626 3583 723 3665 hora,
751 3591 790 3650 ut
806 3584 857 3649 ita
884 3583 1008 3665 dicam,
1029 3581 1171 3648 fortiter

75 3683 257 3774 insituerat,
267 3692 392 3758 mirum
410 3693 446 3758 in
464 3692 596 3760 modum
615 3692 651 3758 in
670 3691 863 3758 haereticos
877 3713 1009 3782 quoque
1029 3698 1064 3758 et
1080 3690 1172 3759 schi-
1271 3725 1273 3730 ·

77 3797 215 3866 snaticos
229 3819 302 3866 sese
312 3800 565 3867 manifestavit.
577 3800 665 3866 Nam
679 3823 756 3868 cum
770 3799 1037 3887 Syrochaldaici
1052 3797 1171 3888 populi

77 3898 1170 3998 Ecclesiaecatholicaesinumreliquerint,aliinestorianismum

79 4013 310 4099 amplectentes,
326 4015 388 4082 alii
401 4016 763 4106 monophysitismum,
782 4015 845 4082 alii
861 4015 967 4084 aliter
980 4014 1171 4082 ratlmlicae

81 4120 197 4190 veritati
217 4123 433 4205 resistentes,
460 4123 651 4191 catholicas
679 4122 836 4190 notiones
852 4123 893 4190 de
910 4129 1022 4190 cetero
1046 4123 1117 4189 fere
1135 4121 1172 4188 in

83 4223 229 4318 integrum
254 4255 369 4300 secum
392 4236 638 4320 asportarunt,
664 4241 769 4320 atque
796 4231 886 4320 apud
910 4253 945 4298 se
968 4237 1170 4309 servantes,
