3006 4672
360 221 402 263 nx
426 220 640 264 nmumnurrs
664 218 858 264 ernoonnnn.
1113 197 1157 265 53

31 329 260 417 imperatoris
283 337 482 419 occupasset
506 331 665 414 Severus,
685 333 747 422 qui
761 331 1005 420 monophysita
1021 337 1098 400 erat
1122 339 1157 400 et

32 439 172 526 synodo
195 437 464 506 Chalcedonensi
487 438 767 522 adversissimus,
786 440 914 530 quique
936 441 1156 529 imperatoris

33 545 196 611 subsidio
219 546 383 612 utebatur
402 545 446 613 ad
463 568 573 633 prava
589 567 652 611 sua
665 545 811 613 consilia
822 548 1049 637 exsequenda,
1068 552 1157 614 teste

35 653 219 739 praedicto
235 653 342 719 Amro
361 652 531 720 Matthaei
553 653 616 738 (l),
645 653 732 718 chis
756 653 900 737 auditis,
930 653 1157 742 Symmachus
1192 657 1241 760 n

36 787 51 820 n
71 759 280 848 patriarcha
291 761 477 843 Romanus,
496 760 807 828 excommunicavit
824 759 991 828 Severum
1007 768 1044 830 et
1059 766 1156 852 qnot-

37 895 52 926 π
72 873 165 957 quot
187 889 264 934 cum
287 889 325 933 eo
348 868 585 935 sentiebant.»
1053 857 1062 869 ’

105 975 203 1042 idem
227 974 532 1063 historiographus
550 975 611 1061 (2),
631 981 811 1065 postquam
832 976 1025 1061 retulisset,
1046 977 1158 1044 Hono·

35 1085 131 1150 rium
156 1083 351 1171 pontificem
371 1083 575 1164 Romanum,
595 1106 670 1150 cum
695 1083 840 1172 Sergius
862 1082 1159 1172 patriarchaCon·

36 1189 374 1278 etantinopclitanus
386 1190 430 1256 ad
442 1189 543 1255 illum
560 1189 768 1278 scripsisset,
782 1190 859 1278 ejus
872 1192 1077 1259 sententiam
1095 1194 1160 1260 sci·

39 1300 177 1368 scitans
192 1297 285 1365 circa
300 1296 432 1364 Christi
456 1296 666 1380 voluntates,
681 1299 898 1386 respondisse
922 1299 984 1385 (ὃ)
1012 1301 1085 1369 «Ne
1109 1299 1159 1366 di·
1189 1281 1218 1388 J

25 1429 55 1466 ο»
75 1427 197 1473 camus
210 1405 296 1472 duas
312 1403 522 1487 voluntates,
537 1426 647 1493 neque
663 1427 778 1489 unam;
793 1431 809 1464 n
828 1405 965 1506 addidit
977 1405 1039 1498 (4):
1061 1435 1077 1470 u
1094 1407 1159 1476 Ec·
1191 1441 1237 1552 D

43 1541 58 1574 n
79 1512 209 1580 clesiae
226 1511 406 1579 consilium
423 1519 564 1600 propter
590 1511 666 1598 ejus
689 1512 816 1598 agendi
832 1513 999 1580 rationem
1023 1521 1158 1602 pertur-

39 1635 58 1684 ἠ
77 1623 199 1688 batum
213 1621 322 1686 fuisse
336 1621 397 1705 (5)
414 1645 430 1680 n
453 1648 468 1682 c
482 1619 614 1687 Deinde
626 1619 650 1685 J
652 1641 792 1686 oannem
804 1620 973 1703 (Honor-ii
984 1622 1161 1688 secundam
1182 1615 1232 1758 y

45 1733 317 1816 asscensorem),
338 1751 414 1795 cum
432 1727 580 1794 vidisset
590 1727 830 1795 fluctuationis
841 1734 877 1795 et
888 1730 1161 1817 perturbationis

45 1865 59 1897 n
78 1844 213 1904 statum
225 1859 291 1926 quo
304 1835 507 1924 agitabatur
519 1834 688 1918 Ecclesia,
704 1836 885 1922 scripsisse
900 1835 945 1902 ad
959 1836 1161 1905 Heraclium

46 1973 61 2004 n
80 1945 226 2035 ejusque
238 1944 382 2010 fratrem
394 1942 693 2026 Constantinum»
708 1947 773 2010 etc.
792 1943 927 2010 Auctor
939 1941 963 2009 J
965 1943 1086 2009 oannis
1102 1944 1162 2010 lit

44 2057 139 2117 teras
166 2051 203 2116 in
227 2049 402 2137 integrum
431 2049 536 2131 citat,
558 2070 599 2114 ex
626 2047 750 2137 quibus
774 2047 954 2138 sequentia
978 2071 1160 2138 excerpere

47 2159 153 2225 liceat
169 2157 231 2243 (6):
261 2156 451 2223 «Dicimus
474 2162 510 2223 et
532 2156 734 2244 profitemur
759 2178 863 2223 unam
886 2177 960 2223 esse
984 2158 1036 2240 (in
1062 2156 1161 2226 Obri—
1191 2164 1232 2274 Β

49 2293 63 2325 e
81 2270 148 2352 sto)
172 2263 387 2330 voluntatem
403 2263 440 2330 in
457 2262 651 2330 oeconomia
668 2268 806 2330 sanctae
823 2262 900 2351 ejus
917 2261 1159 2332 humanitatis.

50 2399 64 2433 n
83 2374 162 2439 Non
185 2376 301 2438 antem
318 2371 466 2438 dicimus
482 2370 568 2437 duas
583 2369 785 2438 voluntates
802 2370 1008 2455 contrarias,
1032 2370 1163 2462 (ccam)

51 2506 65 2538 n
83 2479 160 2566 ejus
174 2478 298 2545 mentis
315 2477 501 2567 propriam,
519 2479 693 2565 (alteram)
705 2477 870 2567 corporis.
885 2477 933 2545 Et
948 2478 1013 2546 hoo
1025 2479 1161 2569 quidem

52 2611 66 2646 n
84 2609 187 2654 sensu
200 2586 343 2674 scripsit
353 2585 529 2652 Honorius
541 2583 744 2674 patriarcha
756 2585 931 2652 Romanus
944 2585 988 2652 ad
1000 2585 1162 2675 Sergium

53 2720 66 2752 n
85 2692 321 2782 patriarcham
337 2691 769 2782 constantinopolitannm
801 2691 1005 2779 Confitemur
1027 2692 1164 2782 quidem

53 2827 67 2860 n
87 2800 170 2866 daos
194 2824 262 2866 esse
291 2800 483 2866 voluntates
507 2801 698 2866 contrarias
716 2801 753 2864 ic
770 2813 877 2864 monte
892 2813 923 2864 et
947 2822 1083 2888 corpore
1098 2801 1163 2889 (id-

54 2914 138 2973 nest
162 2906 437 2998 bominie);qu0d
465 2906 625 2972 nonnulli
652 2905 696 2973 ad
724 2927 825 2973 suum
852 2928 998 2994 pravum
1026 2929 1164 2975 sensnm

53 3039 68 3074 n
86 3020 335 3103 pervertentes,
351 3018 524 3103 putarunt
539 3013 731 3080 Honorium
747 3014 926 3103 opinatum
939 3015 1049 3083 fuisse
1061 3037 1165 3084 unam

54 3147 68 3180 n
88 3143 159 3188 esse
170 3122 208 3190 in
222 3121 410 3189 divinitate
422 3125 458 3188 et
469 3119 688 3187 humanitate
700 3119 835 3209 D.,N.J
840 3119 991 3212 .Christi
1003 3121 1161 3190 volunta·
1276 3161 1279 3169 ·

120 3319 161 3392 (1)
179 3319 246 3373 cod.
261 3312 347 3373 Xer.
367 3335 430 3385 pag.
445 3320 472 3370 8.

121 3409 161 3484 (2)
179 3411 290 3464 Ibidem
308 3426 372 3477 pag.
388 3410 431 3461 14.

120 3497 161 3573 (3)
180 3500 299 3552 Itidem.

121 3587 160 3663 (4)
179 3589 290 3642 Ibidem
309 3604 372 3656 pag.
391 3587 435 3638 15.

120 3677 161 3752 (5)
178 3681 291 3744 Fateor,
313 3677 437 3731 auctoris
459 3689 572 3728 sensnm
591 3689 673 3741 poseo
691 3689 751 3728 osse
764 3672 852 3748 (quod
865 3677 894 3727 et
907 3675 1084 3741 probabilius
1095 3673 1160 3750 est),

58 3772 112 3834 ejice
120 3787 202 3836 opera
205 3769 398 3835 perturbatam
406 3767 498 3834 saissa
504 3765 665 3828 Ecclesiam,
681 3781 741 3818 cnm
755 3769 852 3818 auctor
864 3765 998 3818 videatur
1010 3767 1108 3833 potins
1118 3767 1162 3820 in·

59 3859 147 3911 tensus
166 3875 227 3912 esse
240 3860 374 3924 Honorio,
385 3872 445 3910 enm
458 3859 628 3910 Maronitam
642 3871 690 3908 seu
700 3856 921 3909 monotheletam
936 3871 1042 3909 summa
1054 3857 1165 3925 injuria

61 3951 210 4014 appellans.
230 3947 269 4000 At
287 3950 343 4001 iste
362 3947 550 4000 Nestorianns
570 3947 668 3997 auctor
686 3959 720 3996 ex
740 3944 803 3997 illie
820 3959 892 4012 quae
911 3946 972 4011 ipse
992 3945 1027 3997 de
1039 3945 1163 3998 Honorio

62 4043 160 4106 narrat,
182 4056 211 4092 se
233 4039 383 4104 confutat,
403 4039 560 4103 nolensque
580 4035 666 4102 hujus
685 4035 828 4100 pontificis
849 4035 1007 4102 apologiam
1026 4041 1082 4087 non
1100 4048 1163 4086 con-

63 4130 227 4182 temnendam
247 4129 372 4194 exbibct,
393 4130 426 4180 nt
448 4126 479 4178 in
501 4128 598 4178 textus
618 4139 699 4177 cursu
719 4124 889 4178 ostenditur.

124 4216 163 4291 (6)
181 4219 291 4273 Ibidem
310 4233 375 4286 pag.
392 4217 434 4268 16.
