3006 4672
326 167 370 232 70
606 188 644 230 ou
668 189 801 232 ruarnos
824 187 997 231 uccnusun
1020 187 1146 230 cnrrms

327 299 461 368 meliori
488 299 585 366 modo
609 299 750 390 quisue
774 301 885 367 statui
909 306 1127 388 congrueret,
1149 299 1187 365 in
1210 321 1312 366 usum
1337 297 1436 364 dedu-

325 417 463 476 xerunt.
492 407 585 475 Hinc
608 407 765 476 videmus
787 407 1014 476 Nestorieuos
1036 414 1073 475 et
1094 405 1297 488 Jacobitas,
1323 428 1436 496 quem·

326 537 427 608 quam
452 521 592 606 propter
615 537 712 583 suam
736 515 906 584 haeresim
929 523 965 583 et
987 514 1137 582 schisma
1159 536 1181 580 a
1202 514 1438 581 communione

325 623 556 692 Romanorum
579 622 781 712 pontificum
804 622 845 690 B.
865 622 962 690 Petri
990 622 1113 691 summi
1140 621 1318 689 Ecclesiae
1350 621 1436 708 capi·

324 731 373 798 tis
397 751 631 798 successorum
657 729 757 798 valde
787 737 955 812 remotos,
982 752 1067 796 vera
1097 736 1211 796 temen
1241 728 1326 818 jura
1354 749 1436 818 quae

324 859 366 906 ex
390 837 513 905 divina
535 836 758 905 institutione
783 836 950 926 Supremo
972 837 1150 906 Ecclesiae
1173 836 1337 904 Pontifici
1354 859 1436 903 com·

324 950 450 1034 petunt
479 967 546 1012 non
578 944 688 1011 solum
712 967 780 1010 non
804 944 1003 1032 ignorasse,
1030 945 1089 1012 sed
1113 949 1278 1034 perpetuo
1303 950 1338 1010 et
1363 965 1436 1010 con·

324 1053 433 1122 stanti
458 1075 523 1121 usu
547 1054 794 1142 comprobasse.
823 1052 999 1122 Nimirum
1022 1052 1060 1118 hi
1085 1035 1216 1140 populi,
1242 1051 1325 1118 licet
1349 1072 1372 1115 a
1394 1051 1437 1116 le-

323 1159 449 1250 gitimo
463 1161 612 1228 unitatis
625 1167 743 1229 centro
761 1161 898 1244 secreti,
912 1184 990 1228 cum
1006 1167 1223 1249 perspectum
1236 1159 1439 1226 habuissent

323 1289 405 1335 suas
422 1273 535 1336 sectas
551 1266 626 1333 sine
641 1265 761 1357 aliqua
777 1265 913 1334 unitate
931 1266 1052 1334 vivere
1067 1289 1134 1332 uon
1151 1287 1260 1354 posse,
1279 1266 1348 1331 sibi
1366 1266 1438 1331 uni-

323 1376 410 1444 tatis
433 1381 591 1443 centrum
613 1373 833 1456 effinxerunt,
858 1375 1019 1463 circaque
1042 1373 1133 1441 illud
1156 1373 1334 1440 elementis
1352 1395 1439 1463 quae

323 1483 365 1550 ab
388 1483 546 1551 Ecclesia
569 1481 743 1551 catholica
765 1483 878 1550 furati
900 1489 1002 1550 erant
1029 1483 1293 1565 consolidatum,
1318 1481 1440 1549 sedulo

322 1613 396 1658 sese
418 1597 671 1680 aggregantes,
697 1590 754 1658 illi
778 1590 997 1658 vehementer
1026 1590 1252 1658 inhaeserunt
1274 1591 1343 1655 imo
1369 1612 1440 1656 sese
1464 1635 1472 1648 .

323 1698 567 1790 quodammodo
591 1697 876 1787 agglutinarunt.

388 1804 590 1876 Nestoriani
613 1805 704 1872 enim
728 1811 764 1871 et
784 1805 967 1873 Jacobitae
996 1828 1073 1873 cum
1096 1804 1246 1893 amplius
1268 1827 1335 1870 non
1364 1827 1439 1892 pos-

322 1919 401 1981 sent
424 1913 466 1981 de
489 1913 583 1981 fecto
607 1911 766 1980 confiteri
786 1911 870 2000 jura
893 1913 1045 2002 supremi
1069 1914 1222 2000 pastoris
1238 1913 1275 1978 in
1286 1912 1439 1978 Romano

321 2020 507 2110 pontifice,
534 2020 693 2108 legitimo
717 2019 857 2088 illorum
884 2019 1020 2108 jurium
1051 2043 1267 2109 possessore,
1293 2041 1314 2084 a
1337 2019 1440 2107 cujus
1490 2067 1491 2072 η

322 2127 557 2195 communione
573 2126 725 2216 separati
741 2135 854 2212 erunt,
873 2129 1067 2196 debuerunt
1081 2152 1144 2196 suo
1160 2129 1295 2216 singuli
1312 2128 1440 2196 fictitio

322 2235 430 2324 cupiti
443 2258 503 2302 seu
519 2234 739 2324 patriarchae
755 2235 820 2302 ills
833 2235 986 2324 supremi
998 2237 1159 2324 primatis
1169 2235 1254 2323 jura
1269 2236 1437 2302 tribucre.

321 2341 479 2411 Ecclesia
502 2349 618 2410 autem
642 2341 815 2410 catholica
837 2351 873 2411 ct
897 2367 938 2410 ex
962 2343 1026 2411 hoc
1050 2367 1150 2412 suum
1176 2346 1301 2411 bonum
1317 2365 1439 2410 eruere

322 2453 446 2536 potest.
484 2447 629 2536 Rejecta
661 2449 753 2516 enim
784 2471 826 2516 cx
857 2448 1060 2536 hujusmodi
1091 2449 1305 2537 amalgama,
1336 2471 1439 2538 opere

322 2555 620 2626 schismaticorum
643 2553 821 2624 hominum
846 2557 1015 2640 formata,
1046 2557 1244 2625 adventitia
1272 2580 1311 2624 ac
1339 2555 1438 2624 vilis-

321 2661 408 2730 sima
431 2663 630 2732 schismatis
654 2663 777 2746 scoria,
804 2663 994 2752 pretiosum
1018 2686 1141 2732 aurum
1165 2665 1244 2732 inde
1268 2663 1437 2744 extrahit,
1488 2689 1489 2706 ¹

322 2771 412 2861 quod
438 2794 540 2840 suum
562 2778 637 2856 est,
661 2776 766 2862 utque
790 2793 862 2838 rem
886 2793 984 2838 suam
1008 2773 1174 2855 resumit,
1204 2777 1308 2862 atque
1333 2771 1439 2860 digno

321 2877 395 2945 loco
417 2879 566 2967 reponit.

388 2983 488 3081 Quod
511 2991 547 3052 et
569 3007 630 3051 nos
653 2985 690 3051 in
713 2984 777 3052 hcc
799 2985 975 3069 Articulo,
996 2991 1165 3076 quantum
1182 2985 1312 3054 debiles
1340 2987 1439 3054 nobis

321 3092 414 3160 vires
426 3093 647 3182 permittunt,
663 3091 826 3181 perficere
838 3094 1058 3162 assumimus.
1073 3094 1305 3182 investigatis
1320 3117 1438 3185 nempe

321 3199 656 3289 Syrochaldaeorum
677 3198 750 3287 jam
773 3200 810 3266 in
834 3199 1004 3268 haeresim
1031 3201 1226 3290 lapsorum,
1253 3224 1315 3269 seu
1339 3203 1437 3270 Jaco·
1486 3189 1487 3194 ἵ

320 3307 472 3377 bitarum
499 3313 535 3376 et
561 3306 781 3397 potissimum
804 3307 1109 3391 Nestoriano'rum,
1136 3309 1290 3377 vetustis
1321 3333 1436 3378 mouu-

321 3414 457 3499 mentis,
483 3415 593 3505 primo
618 3436 705 3506 quae
725 3413 809 3502 jura
825 3413 991 3503 Supremo
1014 3415 1192 3483 Ecclesiae
1209 3417 1375 3486 Pontifici
1398 3437 1436 3483 ex

320 3544 436 3590 eorum
458 3522 656 3590 testimonio
684 3528 898 3612 competant,
925 3523 1031 3590 certis
1064 3523 1277 3592 documentis
1308 3528 1435 3592 statue·

322 3651 414 3716 mus3
441 3629 564 3697 deinde
587 3630 704 3697 eadem
726 3629 811 3717 jura
833 3629 979 3697 Romani
1003 3631 1178 3720 pontificis
1200 3635 1341 3698 tuntum
1365 3653 1435 3722 pro-

321 3735 399 3823 pria
421 3759 506 3821 esse,
525 3736 625 3804 facili
640 3737 779 3826 negotio
796 3736 1119 3806 demonstrabimus.
1137 3736 1237 3805 Unde
1249 3739 1431 3822 constabit,

320 3841 498 3931 Ecclesiae
521 3845 741 3912 adversarios
773 3867 834 3934 pro
865 3845 978 3934 ipsius
1005 3845 1157 3913 veritate
1183 3851 1292 3913 testes
1317 3844 1434 3914 haberi

320 3973 389 4019 non
411 3956 549 4020 tantum
572 3951 735 4037 directos,
761 3952 819 4021 sed
843 3959 879 4022 et
902 3951 1102 4021 indirectos.

385 4061 464 4149 Age
486 4083 569 4149 ergo
592 4061 772 4128 videamus
796 4061 880 4152 quid
895 4061 1181 4130 Nestorianorum
1204 4066 1240 4128 et
1261 4059 1430 4130 Jacobita·

321 4187 398 4232 rum
421 4173 641 4232 monumenta
664 4165 784 4232 dicant
806 4166 847 4231 de
863 4166 1014 4252 juribus,
1037 4166 1191 4254 ipsorum
1214 4168 1432 4255 patriarchae
