3006 4672
308 92 352 158 68
654 111 695 155 nn
718 111 798 156 nou.
817 109 911 156 rone.
930 113 1079 159 renuero

311 251 327 286 n
348 239 450 290 tatem
467 223 700 312 primatialem
717 223 769 289 vel
782 224 1052 310 patriarchalem
1075 227 1245 313 coemisse).
1271 224 1359 292 Nisi
1375 246 1428 291 au·

311 340 414 399 ntem
439 331 467 398 ii
491 333 543 414 (in
568 331 634 395 illa
658 329 817 418 epistola)
848 329 1042 399 dixissent:
1068 332 1129 398 Illi
1151 331 1253 416 (idest
1278 333 1429 420 episcopi

311 441 544 528 »prouinciae
558 437 793 525 Seleuciencie)
817 438 990 526 impositis
1012 440 1143 507 nostris
1159 440 1318 508 manibus
1339 438 1427 506 ordi-

310 573 326 607 η
345 553 432 614 nant
447 569 523 613 eum
543 545 687 630 (scilicet
703 547 882 630 primatem
899 546 1097 635 Seleuciae),
1112 547 1234 614 horum
1249 547 1427 614 ordinatio

310 682 326 716 n
345 653 503 721 invalide
520 660 621 720 esset.
643 651 768 744 Itaque
792 653 997 742 patriarcha
1013 653 1244 721 seleuciensis
1259 654 1428 722 dicendus

311 770 399 828 rest
422 761 558 852 quidem
584 783 663 828 vere
687 783 707 826 a
731 769 881 851 quatuor
906 761 1124 829 Patrierohis
1151 761 1333 846 ordinari,
1362 785 1425 828 non

311 875 459 937 nantem
484 871 527 936 ab
550 867 703 956 ejusdem
726 867 958 956 metropolitis
981 875 1086 960 atque
1109 869 1292 957 episcopis,
1317 897 1333 928 r
1365 870 1427 935 At·

308 979 381 1069 qui,
407 983 448 1045 ut
471 999 577 1066 supra
602 977 767 1059 vidimus,
794 977 886 1044 inter
902 976 965 1043 hos
982 983 1132 1067 quatuor
1148 976 1373 1066 patriarchas
1388 977 1427 1044 dc

308 1087 434 1178 quibus
459 1086 515 1154 bic
539 1107 660 1170 sermo,
681 1107 893 1177 quorumque
910 1108 948 1152 eo
965 1092 1117 1175 tempore
1134 1109 1201 1178 quo
1216 1086 1427 1154 Benattibus

309 1195 481 1262 scribebat
510 1194 629 1262 nullus
653 1217 756 1261 sensu
780 1193 1065 1261 Nestorianornm
1093 1193 1308 1262 orthodoxus
1340 1200 1427 1277 erat,

308 1303 442 1392 primns
465 1326 505 1372 ao
529 1303 688 1392 princepe
707 1302 923 1392 omniumque
941 1309 1048 1392 capnt
1063 1311 1139 1370 erat
1155 1293 1332 1370 Romanus
1347 1325 1427 1392 pon·

308 1413 410 1480 tifex.
437 1411 532 1500 Ergo
556 1411 713 1499 pontifex
738 1411 913 1477 Romanus
934 1410 972 1476 in
989 1410 1065 1499 ipso
1082 1411 1195 1478 seonlo
1211 1411 1265 1477 XI
1280 1412 1325 1477 ab
1341 1410 1429 1497 ipsis

307 1519 527 1590 Nestorionis
550 1520 754 1586 censebatur
777 1517 1065 1586 Nestorianorum
1082 1518 1319 1608 patriarcham
1337 1517 1427 1584 ordi·

308 1627 773 1716 na1·e,scilieetpotestatem
792 1625 1012 1714 spiritualem
1029 1633 1132 1717 atque
1145 1625 1426 1714 jurisdictionem

308 1735 575 1808 ecclesiasticam
608 1733 663 1801 illi
695 1734 845 1821 mystico
875 1733 1021 1824 quodam
1051 1735 1148 1802 modo
1177 1735 1334 1802 conferre
1363 1735 1426 1821 (l).

308 1844 497 1935 Explicent
531 1843 593 1908 alii
632 1841 932 1909 schismaticorum
967 1841 1283 1923 contradictiones,
1319 1842 1428 1907 miras

308 1952 435 2042 agendi
453 1951 618 2034 rationes,
633 1949 883 2017 absurditates:
902 1948 987 2016 mibi
1000 1949 1088 2017 eatis
1102 1949 1151 2017 eit
1162 1951 1323 2039 probasse
1337 1948 1428 2039 quod

309 2059 522 2149 probandum
547 2079 763 2146 susceperam
788 2053 851 2140 (2).

378 2279 388 2349 t
395 2276 420 2350 1)
434 2279 499 2333 Tam
522 2279 640 2331 sublime
660 2278 801 2330 mentibus
820 2277 1054 2330 Nestorianorum
1073 2280 1190 2330 resonat
1208 2292 1307 2330 nomen
1332 2278 1428 2332 Eccle-

308 2371 368 2423 siae
388 2370 539 2430 Romnuac,
560 2372 592 2420 ut
612 2369 633 2419 ii
652 2369 732 2421 flatus
752 2367 932 2434 quorumdum
957 2383 1067 2420 suorum
1096 2364 1427 2440 patriarcharum‘jordi-

308 2459 439 2511 nationes
458 2459 493 2510 ab
512 2457 584 2523 ipsis
607 2458 739 2508 ltomnnis
759 2457 943 2509 Pontificibus
957 2457 1060 2509 Romae
1080 2457 1172 2509 iactus
1191 2457 1226 2509 ed
1246 2457 1349 2510 fulsum
1370 2459 1427 2510 sibi

309 2549 523 2616 comparendum
543 2549 675 2601 bonorem
690 2549 930 2612 excogitaverint.
944 2547 1010 2600 Vid.
1025 2548 1133 2602 Assem.
1150 2550 1228 2600 Bitt.
1244 2549 1351 2600 orient.
1364 2551 1385 2600 t.
1400 2549 1425 2600 1.

309 2656 373 2710 pag.
391 2641 453 2692 558.
1485 2691 1486 2708 2

380 2727 421 2798 (2)
435 2732 514 2782 Inter
533 2730 730 2782 memorabiles
748 2729 999 2794 Nestorianorum¹
1021 2732 1193 2794 apparentes
1221 2731 1341 2795 saltem,
1362 2745 1427 2783 con·
1485 2761 1486 2772 κ

309 2819 507 2885 tradiotionoe,
527 2821 618 2887 primo
636 2821 696 2872 loco
716 2819 916 2872 recensendum
936 2821 981 2872 est
998 2819 1176 2885 continuum,
1200 2819 1272 2886 quod
1301 2820 1426 2886 ipsorum

309 2908 662 2978 putriarobaeadbibuero‚
676 2910 842 2962 exercitium
862 2924 1006 2976 supremae
1025 2909 1207 2962 auctoritatis
1227 2909 1258 2960 in
1273 2925 1369 2961 omnes
1382 2910 1425 2961 sui

308 3002 404 3068 gregis
424 3004 481 3054 tum
502 3002 646 3068 episcopos
665 3005 723 3054 tum
744 3005 852 3054 ceteros
871 3001 1010 3068 homines,
1031 3005 1062 3053 ut
1083 3000 1214 3066 sequenti
1234 3001 1365 3052 Articulo
1385 3001 1425 3051 ri·

309 3091 444 3157 bebimus,
466 3090 495 3142 in
517 3091 726 3157 comparatione
746 3091 782 3143 ad
802 3096 859 3143 tam
879 3093 972 3144 clarae
993 3095 1104 3158 ternque
1130 3092 1295 3158 frequentes
1321 3107 1425 3144 eorum·

309 3181 370 3235 dem
388 3183 418 3234 in
440 3184 589 3250 primatum
616 3183 757 3236 Romanus
777 3184 919 3236 Ecclesiae
939 3183 1140 3235 confessiones.
1165 3164 1293 3236 Ueterum
1315 3187 1424 3236 attente

309 3272 501 3326 consideranti
521 3273 589 3326 naa
609 3273 661 3326 duo
682 3273 766 3340 iacta,
788 3279 925 3342 proutpea
942 3273 973 3326 in
998 3273 1049 3326 hoc
1069 3287 1152 3340 opere
1177 3273 1364 3339 exponimus,
1385 3271 1424 3324 iu·

309 3363 364 3416 cite
384 3364 496 3431 patebit
514 3363 670 3418 eorumdem
690 3363 903 3417 conciliationis
916 3364 1008 3418 ratio.
