3018 4672
362 136 397 180 ns
420 136 618 182 corrrannr.
645 136 758 181 aanor.
776 137 915 182 nerecor.
1155 117 1198 182 87

83 243 256 314 »Christi
281 247 479 314 amantibus
502 245 667 337 quaedam
691 268 782 314 nova
804 247 997 316 reddantur
1015 269 1076 337 per
1098 248 1199 316 insti·

84 377 100 409 n
120 352 297 420 tutionem
322 358 594 442 opportunarum
618 351 755 441 legum,
781 375 868 443 quae
892 375 1010 421 earum
1040 355 1198 424 observa·

84 464 216 528 ntores
241 461 453 545 custodiant,
474 487 490 522 n
516 467 582 529 etc.
598 460 688 528 Vide
704 461 869 553 quomodo
893 463 962 552 ipsi
978 461 1200 532 Schismatici

83 566 462 652 fateantur‚Ecclesiac
474 569 570 658 leges
582 569 703 638 debere
715 571 1196 660 temporibusaccommodari.

148 675 301 746 Ethacc
325 678 413 745 satis
437 678 509 744 sint
540 677 584 745 ad
616 677 922 746 demonstrandum
955 702 996 747 ex
1024 680 1199 750 Nestoria-

81 806 207 852 norum
232 785 441 870 testimonio,
457 786 596 854 Summo
612 785 789 855 Ecclesiae
806 787 922 877 Capiti
935 787 995 877 jus
1010 797 1200 880 competere

82 900 218 982 partem
243 917 435 984 supremam
452 895 601 963 habendi
618 895 655 962 in
670 895 895 965 institutione
912 897 1062 964 omnium
1077 905 1112 966 ct
1129 897 1198 965 sin·

82 1001 244 1090 gulornm
270 1003 363 1070 orbis
386 1004 634 1094 episcoporum.
668 1003 744 1086 Quo
768 1006 905 1096 quidem
934 1005 1014 1094 jure
1045 1007 1076 1072 is
1102 1004 1200 1074 modo

84 1109 257 1199 implicite
273 1111 401 1196 utitur,
420 1112 512 1180 idest
528 1112 761 1202 metropolitis
777 1119 813 1181 et
829 1113 1041 1203 patriarchis
1054 1136 1115 1202 ope
1130 1111 1200 1202 epi·

85 1239 268 1306 scoporum
291 1219 592 1308 suffraganeorum
617 1241 735 1287 curam
759 1219 939 1287 electionis
970 1219 1198 1288 confirmatio·

82 1326 209 1416 nisque
229 1333 406 1415 pastorum
430 1328 627 1412 deferendo,
647 1328 930 1418 quemadmodum
947 1351 1002 1396 res
1018 1327 1146 1417 passim
1164 1349 1199 1398 se

81 1431 210 1501 habuit
232 1435 408 1523 prioribus
431 1434 609 1502 Ecclesiae
634 1435 773 1521 seculis3
805 1435 903 1502 modo
931 1434 1106 1525 explicite,
1133 1434 1200 1502 sibi

81 1542 292 1610 reservando
316 1542 520 1610 facultatem
543 1564 723 1632 personam
739 1542 886 1610 electam
910 1542 1136 1610 confirmandi
1148 1547 1199 1610 at·

82 1672 148 1741 que
173 1650 247 1719 sive
270 1664 332 1741 per
356 1673 391 1718 se
415 1651 490 1718 sive
513 1672 574 1739 per
597 1649 685 1718 alios
704 1649 900 1734 ordinandi,
915 1648 1199 1740 quemadmodum

81 1757 310 1826 Nestorianae
333 1764 449 1827 sectae
465 1757 579 1846 Caput
602 1758 669 1826 sibi
693 1764 883 1848 competere
900 1757 1050 1826 credidit
1066 1756 1146 1825 inde
1158 1756 1201 1823 ab

85 1865 194 1936 huius
218 1867 399 1938 haereseos
421 1867 586 1937 exordiis.

149 2085 251 2166 Quod
274 2084 402 2152 attinet
425 2083 469 2150 ad
492 2081 640 2150 alteram
664 2080 819 2150 familiae
837 2079 1133 2168 Syrochaldaicae
1149 2103 1199 2148 se·

82 2201 187 2276 ctam,
201 2191 526 2281 Monophysitarurn
538 2190 692 2280 inquam,
711 2189 772 2282 qui
787 2194 823 2256 et
837 2189 861 2255 J
863 2188 1018 2256 acobitae
1035 2210 1055 2256 a
1071 2187 1095 2256 J
1096 2188 1200 2257 acobo

81 2300 261 2368 Baradaeo
284 2304 551 2388 nuncupantur,
578 2300 731 2366 fatemur
752 2297 834 2364 illos
858 2297 895 2364 in
919 2296 983 2366 hac
1007 2320 1044 2366 re
1068 2296 1109 2365 de
1133 2316 1200 2390 qua

81 2411 222 2501 agimus
248 2429 317 2478 non
340 2407 425 2476 adeo
447 2406 588 2496 plenum
615 2406 713 2474 nobie
743 2407 906 2496 praebere
931 2413 1196 2496 argumentum,

80 2527 159 2588 tum
184 2517 266 2609 quia
294 2517 321 2584 ii
351 2539 418 2585 non
446 2514 633 2582 habuerint
664 2514 752 2581 satis
780 2513 992 2602 explicatum
1016 2513 1077 2602 jus
1106 2513 1200 2582 siout

81 2649 199 2695 eorum
229 2623 473 2713 antagonistae
495 2621 718 2708 Nestoriani;
749 2627 824 2688 tum
856 2621 940 2712 quia
967 2619 1071 2688 iidem
1098 2644 1198 2689 suurn

80 2757 224 2824 gregem
245 2732 318 2821 jam
341 2731 378 2800 in
401 2731 477 2820 ipso
500 2728 688 2819 primordio
710 2729 748 2795 in
764 2727 850 2796 duas
874 2727 1062 2796 diviserint
1078 2727 1199 2796 sectio·

79 2864 163 2926 nes,
188 2861 335 2930 quarum
358 2839 504 2906 alteram
529 2835 776 2905 occidentalem
802 2834 1018 2925 patriarcha,
1053 2835 1199 2904 alteram
1266 2835 1273 2861 ·’

81 2949 286 3020 orientalem
314 2947 541 3038 maphrianus
564 2968 624 3014 seu
651 2945 781 3034 primas
805 2946 959 3033 regebat;
978 2949 1124 3035 uterque
1139 2965 1199 3012 au·

79 3067 153 3128 tem
173 3057 257 3146 jura
280 3054 535 3146 metropolitica
551 3055 588 3123 in
606 3075 686 3122 suos
702 3052 913 3143 singillatim
929 3053 1111 3122 exercebat
1133 3049 1196 3137 (l).

156 3239 198 3316 (1)
209 3242 402 3298 Jacobitarum
428 3243 521 3306 secta,
544 3241 642 3306 utpote
669 3240 746 3292 inter
769 3237 988 3314 'confusionem
1010 3237 1145 3287 tumultus
1171 3237 1201 3286 et

79 3333 322 3403 perturbationes,
340 3347 392 3384 nec
410 3345 465 3382 non
483 3331 685 3396 imperatorum
703 3327 868 3380 Graecorum
888 3325 1092 3392 inquisitiones
1117 3325 1196 3390 nata,

80 3440 154 3492 quas
172 3428 239 3490 post
258 3439 314 3474 non
333 3423 450 3474 multum
460 3418 752 3473 Mohammedanornm
772 3417 952 3470 durissimum
963 3416 1060 3483 jugum
1074 3413 1195 3479 excepit,

79 3528 232 3579 numquam
259 3511 356 3579 potuit
385 3509 526 3577 perfectae
554 3508 702 3561 societatis
731 3507 939 3560 ecclesiasticae
971 3505 1052 3557 illam
1081 3503 1199 3555 formum

78 3603 267 3674 praeseferre,
280 3617 362 3667 quam
382 3600 460 3667 prior
478 3599 711 3653 Nestorianorum
730 3601 815 3663 secta,
828 3594 1035 3663 propitioribus
1054 3593 1199 3661 adjunctis

77 3699 159 3759 nata,
175 3693 291 3745 mirifice
304 3693 409 3744 habere
427 3691 531 3758 potuit,
548 3705 713 3757 quemqnam
731 3689 813 3740 illius
826 3685 992 3754 patriarcha
1005 3682 1038 3736 de
1053 3683 1127 3736 iacto
1141 3697 1198 3734 non

79 3783 217 3836 minorem
237 3797 318 3849 quem
337 3782 422 3850 hujus
442 3795 551 3848 semper
570 3781 697 3832 exercuit
718 3779 750 3830 in
770 3793 834 3830 suos
862 3777 1043 3844 potestatem.
1055 3773 1120 3832 ,His
1149 3773 1199 3826 iis·

77 3871 142 3926 dem
163 3888 270 3940 quoque
288 3871 381 3924 oensis
400 3871 561 3924 adscribere
580 3871 694 3936 oportet
717 3867 795 3920 aliud
809 3867 954 3932 singulare
974 3865 1079 3919 iactum
1093 3863 1126 3916 de
1143 3877 1196 3930 quo

79 3980 145 4032 pag.
161 3963 206 4016 37.
227 3963 314 4016 locuti
333 3978 434 4028 sumus,
457 3961 530 4028 qnod
550 3960 661 4012 scilicet
680 3958 757 4024 Syri,
777 3957 925 4024 Aegyptii,
942 3958 971 4008 et
989 3954 1116 4020 Armeni,
1129 3953 1198 4005 licet

78 4053 178 4107 eadem
197 4053 256 4108 iere
275 4052 501 4120 monophysismi
520 4051 585 4104 labe
603 4049 715 4114 iniecti,
729 4063 877 4116 numquam
895 4047 928 4104 tn
952 4061 1036 4100 uuam
1054 4042 1201 4126 potuerint

78 4143 238 4199 coalescere
258 4144 422 4199 societatem
441 4139 669 4196 ecclesiasticam.
695 4157 697 4164 ¹
