3006 4672
280 135 325 204 14
685 158 726 201 nn
747 159 841 203 rain.
860 157 888 204 s.
903 157 999 202 rursu

278 263 341 358 lii
365 284 477 361 eaput.
498 269 556 338 Sic
573 268 704 360 passim
721 276 790 357 (ex.
806 293 861 359 gr.
878 269 914 337 in
932 269 978 337 Ι.·
994 273 1094 359 parte
1111 268 1299 360 diptychus
1314 291 1408 337 mor·
1498 311 1499 353 3

278 385 421 446 tuorum
445 377 482 444 in
505 375 631 445 missas
648 375 879 445 celebratione
894 376 988 466 apud
1005 376 1115 465 Syros
1139 399 1161 444 a
1183 376 1327 444 diacono
1352 399 1406 444 re·
1497 453 1499 461 Α

280 483 447 566 citanda,
472 487 510 550 et
531 483 569 550 in
592 482 827 567 lectionariis)
859 481 991 550 dicitur
1017 481 1053 550 S.
1075 482 1273 572 Stephanus
1300 477 1406 561 Ι-ὼςῦ
1498 529 1499 568 ÷

278 587 378 670 ¹th
398 593 532 680 primus
564 604 765 678 martyrum,
794 589 830 657 S.
845 589 992 660 Iacobus
1016 583 1180 666 imm-³12
1204 588 1302 669 ¹⁴³⁸?
1325 593 1405 676 pri-
1497 637 1499 642 «

276 722 348 764 mus
361 700 599 787 episcoporum.
615 698 649 765 2ο
665 699 717 766 De
731 699 833 766 Petro
845 697 999 787 apostolo
1014 716 1230 786 nequaquam
1242 695 1310 764 dici
1325 700 1404 785 pot·
1499 769 1500 782 2

275 811 341 892 est,
359 829 437 876 eum
461 806 536 874 ideo
553 822 656 894 eaput
672 807 913 896 Apostolorum
925 808 1163 894 nuncupatum
1180 803 1301 888 fuisse,
1316 803 1406 894 quia
1498 853 1500 893 j

276 914 409 1004 primus
431 921 509 983 erat
531 937 648 984 eorum
671 916 808 983 ratione
829 916 1007 1004 temporis.
1033 915 1122 983 Nam
1145 913 1279 1002 primus
1305 912 1403 1001 Apo-

276 1021 444 1090 stolorum
467 1021 604 1090 ratione
627 1021 794 1110 temporis
816 1027 894 1089 erat
916 1018 1089 1101 Andreas,
1107 1042 1175 1087 uon
1192 1019 1314 1086 Petrus
1332 1019 1400 1104 (1).
1499 1105 1500 1109 Ἰ

275 1127 324 1196 39
346 1128 504 1220 Denique
533 1130 624 1197 hanc
659 1128 970 1198 denominationem
996 1128 1134 1218 (lapitis
1159 1127 1404 1214 Apostolorum
1498 1177 1500 1198 2

275 1257 474 1325 componere
498 1241 636 1327 oportet
651 1259 727 1306 cum
745 1236 872 1305 ceteris
886 1236 1121 1305 locutionibus
1137 1255 1225 1326 quac
1240 1234 1282 1302 ds
1296 1233 1405 1302 Petro
1500 1285 1501 1322 3

274 1341 499 1426 adhibentur,
523 1363 678 1433 quaeque
700 1342 828 1410 nullibi
851 1342 1024 1410 notionem
1044 1339 1294 1408 antecessionis
1316 1344 1405 1408 tem-
1500 1343 1501 1432 ξ

274 1448 368 1537 poris
390 1449 644 1538 praeseferunt.
664 1451 787 1540 Igitur
810 1451 937 1519 Petrus
953 1449 1030 1518 idco
1046 1449 1162 1518 dictus
1179 1454 1234 1516 cst
1257 1447 1405 1536 asyro·
1500 1497 1501 1537 3

274 1554 453 1624 chaldaeis
468 1571 571 1645 eaput
583 1558 838 1648 Apostolorum,
854 1557 899 1625 ad
913 1557 1179 1646 significandam
1195 1561 1404 1646 potestatem
1500 1609 1501 1612 ,

274 1681 377 1752 quem
400 1661 432 1730 is
455 1661 604 1733 habebat
626 1664 664 1732 in
687 1664 781 1734 illos.

341 1769 375 1836 2⁰
399 1770 539 1837 Petrum
556 1772 789 1860 personaliter
805 1773 1025 1838 coustitutum
1041 1793 1107 1836 esse
1122 1771 1301 1837 Ecclesiae
1311 1773 1402 1863 fuu-
1501 1857 1502 1862 ἵ

275 1879 467 1946 dementum
491 1893 523 1944 et
554 1879 819 1944 sustentaculum
830 1904 844 1960 ,·
868 1901 931 1946 seu
965 1877 1140 1945 Obristum
1170 1901 1271 1968 super
1302 1878 1404 1945 Petri

272 2010 452 2074 personam
463 1984 635 2074 fraudasse
651 2001 682 2053 et
694 1987 886 2053 stabiliisse
898 1985 1090 2052 Ecclesiam
1116 1981 1191 2071 (Δ,
1204 1981 1254 2063 (l,
1266 1981 1323 2063 F,
1336 1981 1398 2063 G,
1501 1987 1502 1990 ’

276 2091 343 2171 11,
360 2090 426 2169 Κ,
445 2091 498 2170 Is,
513 2091 583 2172 Μ,
600 2091 659 2172 1¹,
676 2090 732 2182 0,
744 2091 801 2172 V,
821 2099 919 2180 eta).
946 2093 985 2161 Si
1001 2091 1171 2160 nonnulla
1194 2090 1335 2182 quidem
1358 2114 1401 2160 cx

275 2200 332 2268 his
344 2199 431 2268 locis
444 2205 589 2288 possunt
603 2200 645 2268 ds
657 2200 723 2268 fide
732 2201 830 2269 Petri
845 2199 1014 2289 intelligi,
1030 2205 1115 2268 sunt
1126 2199 1198 2266 alia
1213 2221 1301 2290 quae
1317 2222 1401 2267 non·

275 2307 346 2376 nisi
369 2307 411 2374 de
434 2305 512 2394 ejus
535 2329 682 2396 persona
706 2308 797 2375 sumi
820 2313 1008 2398 nequeunt.
1029 2307 1088 2376 Sic
1111 2329 1165 2376 ex.
1181 2329 1236 2396 gr.
1256 2307 1288 2374 si
1303 2307 1403 2378 locus

276 2411 318 2482 G
338 2413 602 2502 intelligeretur
613 2414 654 2482 de
666 2413 734 2482 fide
749 2415 859 2499 Petri,
875 2437 943 2505 quo
955 2420 1040 2483 tunc
1054 2437 1160 2483 sensu
1171 2414 1318 2482 dicenda
1329 2417 1403 2484 erit

275 2522 434 2591 Ecclesia
450 2523 638 2588 constituta
658 2546 760 2610 super
771 2523 1023 2611 septtsaqiata?
1047 2521 1105 2590 Sic
1121 2521 1226 2589 etiam
1241 2521 1340 2590 locus
1357 2519 1402 2588 V

275 2630 398 2720 nequit
422 2629 580 2718 intelligi
603 2629 674 2697 nisi
697 2630 739 2698 de
770 2651 916 2719 persona
945 2629 1065 2712 Petri,
1099 2627 1210 2696 totius
1241 2628 1402 2698 familiae

274 2736 409 2805 Christi
432 2758 551 2807 curam
575 2736 743 2825 gerentis,
770 2737 864 2806 sicut
878 2736 953 2826 ipse
968 2736 1133 2804 Christus
1146 2735 1260 2804 totius
1276 2736 1400 2804 mundi

275 2866 394 2912 curam
417 2843 523 2932 gerit.

341 2953 375 3018 3⁰
392 2951 566 3020 Christum
587 2975 705 3040 reapse
729 2966 761 3017 et
784 2976 860 3019 aare
878 2975 942 3040 per
959 2953 1099 3019 Petrum
1116 2948 1313 3038 aedificasse
1328 2951 1397 3018 Ec-

273 3060 422 3140 clesiam,
436 3058 531 3128 idest
548 3081 614 3148 per·
637 3059 777 3126 Petrum
800 3083 872 3126 eam
895 3059 1040 3148 legibus,
1065 3059 1300 3138 sacramentis,
1320 3059 1399 3124 aba·

272 3165 485 3246 cismatibus,
503 3162 704 3246 sacerdotio,
730 3178 792 3233 etc.
813 3165 984 3252 formasse
1010 3159 1082 3251 (S),
1107 3163 1201 3232 sicut
1215 3163 1321 3232 Pater
1336 3185 1400 3255 per

271 3273 416 3362 Moysen
430 3278 581 3342 veterem
592 3293 808 3361 synagogam
821 3273 1035 3340 formaverat
1046 3267 1168 3358 (RB,
1180 3268 1269 3350 00,
1282 3269 1396 3360 ΕΒ).

272 3379 367 3448 Aliis
390 3381 520 3450 verbis:
547 3381 687 3446 Petrum
709 3401 777 3444 esse
800 3381 837 3444 ia
860 3379 1020 3446 Ecclesia
1044 3381 1151 3444 amuis
1172 3382 1398 3447 auctoritatis

267 3487 415 3574 fontem,
434 3485 547 3552 ecdem
568 3489 704 3552 ratione
726 3510 796 3576 qua
817 3488 925 3553 Moses
948 3501 1023 3552 erat
1046 3487 1084 3550 iu
1100 3487 1297 3576 Synapoqa.
1327 3487 1398 3557 Hie

270 3593 377 3661 liceat
399 3592 509 3676 nobis,
535 3598 577 3659 nt
599 3593 837 3678 auctoritatis,
863 3615 932 3684 qua
954 3593 1066 3662 Moses
1089 3593 1234 3684 ejusque
1257 3617 1394 3664 succes·

271 3721 365 3768 sores
387 3699 529 3766 maximi
552 3700 691 3790 antiqui
714 3701 862 3770 foederis
878 3701 1059 3789 pontifices
1075 3701 1264 3791 pollebant,
1285 3703 1395 3772 ratio·

269 3829 347 3875 nem
370 3806 488 3896 aliquo
512 3805 610 3897 modo
633 3806 887 3896 intelligamus,
906 3829 1048 3898 eamque
1071 3807 1152 3876 inde
1174 3808 1395 3899 novaelegis

269 3913 447 3982 Ecclesiae
463 3912 640 4002 applicare
655 3915 839 4003 possimus,
857 3914 964 3983 liceat
979 3915 1121 4004 inquam
1134 3913 1178 3982 ad
1194 3916 1395 3984 memoriam

270 4043 434 4117 revocare
457 4020 493 4088 id
518 4019 608 4110 quod
632 4019 668 4089 S.
686 4020 839 4090 loannes
854 4021 1045 4111 Apostolus
1068 4021 1106 4088 in
1123 4045 1197 4112 cap.
1210 4021 1277 4090 XI.
1289 4047 1322 4092 o.
1334 4031 1393 4094 51.

342 4163 384 4238 (1)
402 4165 469 4220 Vid.
483 4167 501 4218 J
503 4181 566 4218 can.
581 4166 604 4217 Ι.
617 4164 663 4220 40.
