<?xml version="1.0" encoding="UTF-8"?>
<!DOCTYPE html PUBLIC "-//W3C//DTD XHTML 1.0 Transitional//EN"
    "http://www.w3.org/TR/xhtml1/DTD/xhtml1-transitional.dtd">
<html xmlns="http://www.w3.org/1999/xhtml" xml:lang="en" lang="en">
 <head>
  <title>
</title>
<meta http-equiv="Content-Type" content="text/html;charset=utf-8" />
  <meta name='ocr-system' content='tesseract 3.04.00' />
  <meta name='ocr-capabilities' content='ocr_page ocr_carea ocr_par ocr_line ocrx_word'/>
</head>
<body>
  <div class='ocr_page' id='page_1' title='image "./antiquaecclesis00davigoog_0027.png"; bbox 0 0 3006 4672; ppageno 0'>
   <div class='ocr_carea' id='block_1_1' title="bbox 303 82 1013 152">
    <p class='ocr_par' dir='ltr' id='par_1_1' title="bbox 303 82 1013 152">
     <span class='ocr_line' id='line_1_1' title="bbox 303 82 1013 152; baseline 0.007 -4"><span class='ocrx_word' id='word_1_1' title='bbox 303 82 327 148; x_wconf 83' lang='lat'>4</span> <span class='ocrx_word' id='word_1_2' title='bbox 693 108 733 150; x_wconf 83' lang='lat' dir='ltr'><strong>na</strong></span> <span class='ocrx_word' id='word_1_3' title='bbox 757 108 850 152; x_wconf 73' lang='lat' dir='ltr'><strong>caru.</strong></span> <span class='ocrx_word' id='word_1_4' title='bbox 871 107 898 152; x_wconf 88' lang='lat' dir='ltr'><strong>s.</strong></span> <span class='ocrx_word' id='word_1_5' title='bbox 915 107 1013 152; x_wconf 75' lang='lat' dir='ltr'><strong>aurai</strong></span> 
     </span>
    </p>
   </div>
   <div class='ocr_carea' id='block_1_2' title="bbox 203 219 1428 3190">
    <p class='ocr_par' dir='ltr' id='par_1_2' title="bbox 203 219 1428 3190">
     <span class='ocr_line' id='line_1_2' title="bbox 303 219 1424 312; baseline 0.004 -24"><span class='ocrx_word' id='word_1_6' title='bbox 303 219 417 310; x_wconf 78' lang='lat' dir='ltr'><strong>igitur</strong></span> <span class='ocrx_word' id='word_1_7' title='bbox 441 221 647 306; x_wconf 84' lang='lat' dir='ltr'><strong>versionem,</strong></span> <span class='ocrx_word' id='word_1_8' title='bbox 677 220 842 292; x_wconf 86' lang='lat' dir='ltr'><strong>Christus</strong></span> <span class='ocrx_word' id='word_1_9' title='bbox 877 223 914 290; x_wconf 90' lang='lat' dir='ltr'><strong>iu</strong></span> <span class='ocrx_word' id='word_1_10' title='bbox 938 225 1011 292; x_wconf 86' lang='lat' dir='ltr'><strong>tres</strong></span> <span class='ocrx_word' id='word_1_11' title='bbox 1033 221 1159 292; x_wconf 87' lang='lat' dir='ltr'><strong>divisit</strong></span> <span class='ocrx_word' id='word_1_12' title='bbox 1189 222 1316 292; x_wconf 76' lang='lat' dir='ltr'>classes</span> <span class='ocrx_word' id='word_1_13' title='bbox 1349 247 1424 312; x_wconf 86' lang='lat' dir='ltr'><strong>gre-</strong></span> 
     </span>
     <span class='ocr_line' id='line_1_3' title="bbox 304 328 1425 422; baseline -0.002 -24"><span class='ocrx_word' id='word_1_14' title='bbox 304 351 382 420; x_wconf 76' lang='lat' dir='ltr'><strong>gem</strong></span> <span class='ocrx_word' id='word_1_15' title='bbox 412 328 568 396; x_wconf 87' lang='lat' dir='ltr'><strong>fidelium</strong></span> <span class='ocrx_word' id='word_1_16' title='bbox 603 350 756 414; x_wconf 89' lang='lat' dir='ltr'><strong>suorum,</strong></span> <span class='ocrx_word' id='word_1_17' title='bbox 786 352 933 422; x_wconf 89' lang='lat' dir='ltr'><strong>quorum</strong></span> <span class='ocrx_word' id='word_1_18' title='bbox 964 329 1110 420; x_wconf 83' lang='lat' dir='ltr'><strong>primam</strong></span> <span class='ocrx_word' id='word_1_19' title='bbox 1138 331 1232 400; x_wconf 89' lang='lat' dir='ltr'><strong>idest</strong></span> <span class='ocrx_word' id='word_1_20' title='bbox 1259 355 1425 422; x_wconf 69' lang='lat' dir='ltr'><strong>aprorum</strong></span> 
     </span>
     <span class='ocr_line' id='line_1_4' title="bbox 304 435 1424 530; baseline 0.001 -25"><span class='ocrx_word' id='word_1_21' title='bbox 304 436 416 530; x_wconf 89' lang='lat' dir='ltr'><strong>primo</strong></span> <span class='ocrx_word' id='word_1_22' title='bbox 432 435 583 504; x_wconf 90' lang='lat' dir='ltr'><strong>credidit</strong></span> <span class='ocrx_word' id='word_1_23' title='bbox 597 437 702 506; x_wconf 87' lang='lat' dir='ltr'><strong>Petro</strong></span> <span class='ocrx_word' id='word_1_24' title='bbox 718 439 923 528; x_wconf 88' lang='lat' dir='ltr'><strong>pascendam</strong></span> <span class='ocrx_word' id='word_1_25' title='bbox 940 461 1003 508; x_wconf 88' lang='lat' dir='ltr'><strong>scu</strong></span> <span class='ocrx_word' id='word_1_26' title='bbox 1026 437 1225 529; x_wconf 83' lang='lat' dir='ltr'><strong>regendam,</strong></span> <span class='ocrx_word' id='word_1_27' title='bbox 1241 439 1424 508; x_wconf 88' lang='lat' dir='ltr'><strong>secundam</strong></span> 
     </span>
     <span class='ocr_line' id='line_1_5' title="bbox 305 544 1421 638; baseline 0.002 -25"><span class='ocrx_word' id='word_1_28' title='bbox 305 549 452 613; x_wconf 77' lang='lat' dir='ltr'><strong>arietum</strong></span> <span class='ocrx_word' id='word_1_29' title='bbox 482 544 655 630; x_wconf 87' lang='lat' dir='ltr'><strong>secundo,</strong></span> <span class='ocrx_word' id='word_1_30' title='bbox 683 545 825 615; x_wconf 79' lang='lat' dir='ltr'><strong>tertiam</strong></span> <span class='ocrx_word' id='word_1_31' title='bbox 854 545 1004 638; x_wconf 86' lang='lat' dir='ltr'><strong>denique</strong></span> <span class='ocrx_word' id='word_1_32' title='bbox 1028 568 1148 636; x_wconf 81' lang='lat' dir='ltr'><strong>nempe</strong></span> <span class='ocrx_word' id='word_1_33' title='bbox 1171 549 1282 614; x_wconf 82' lang='lat' dir='ltr'><strong>ocium</strong></span> <span class='ocrx_word' id='word_1_34' title='bbox 1303 547 1421 616; x_wconf 84' lang='lat' dir='ltr'><strong>tertio.</strong></span> 
     </span>
     <span class='ocr_line' id='line_1_6' title="bbox 306 653 1425 745; baseline -0.001 -22"><span class='ocrx_word' id='word_1_35' title='bbox 306 655 383 737; x_wconf 78' lang='lat' dir='ltr'><strong>Quo</strong></span> <span class='ocrx_word' id='word_1_36' title='bbox 419 675 523 722; x_wconf 85' lang='lat' dir='ltr'><strong>sensu</strong></span> <span class='ocrx_word' id='word_1_37' title='bbox 552 653 616 720; x_wconf 88' lang='lat' dir='ltr'><strong>has</strong></span> <span class='ocrx_word' id='word_1_38' title='bbox 646 657 719 724; x_wconf 91' lang='lat' dir='ltr'><strong>tres</strong></span> <span class='ocrx_word' id='word_1_39' title='bbox 746 655 867 745; x_wconf 80' lang='lat' dir='ltr'><strong>gregis</strong></span> <span class='ocrx_word' id='word_1_40' title='bbox 894 653 1029 724; x_wconf 79' lang='lat' dir='ltr'><strong>Christi</strong></span> <span class='ocrx_word' id='word_1_41' title='bbox 1059 655 1189 724; x_wconf 77' lang='lat' dir='ltr'><strong>classes</strong></span> <span class='ocrx_word' id='word_1_42' title='bbox 1219 654 1425 744; x_wconf 83' lang='lat' dir='ltr'><strong>intelligant</strong></span> 
     </span>
     <span class='ocr_line' id='line_1_7' title="bbox 307 761 1056 858; baseline -0.001 -27"><span class='ocrx_word' id='word_1_43' title='bbox 307 767 443 832; x_wconf 89' lang='lat' dir='ltr'><strong>vetares</strong></span> <span class='ocrx_word' id='word_1_44' title='bbox 459 761 723 852; x_wconf 86' lang='lat' dir='ltr'><strong>Syrochaldaei,</strong></span> <span class='ocrx_word' id='word_1_45' title='bbox 739 761 934 858; x_wconf 81' lang='lat' dir='ltr'><strong>videbimus</strong></span> <span class='ocrx_word' id='word_1_46' title='bbox 949 763 1056 832; x_wconf 85' lang='lat' dir='ltr'><strong>infra.</strong></span> 
     </span>
     <span class='ocr_line' id='line_1_8' title="bbox 374 867 1424 960; baseline -0.001 -24"><span class='ocrx_word' id='word_1_47' title='bbox 374 869 407 938; x_wconf 79' lang='lat'><strong>3.</strong></span> <span class='ocrx_word' id='word_1_48' title='bbox 426 870 541 938; x_wconf 88' lang='lat' dir='ltr'><strong>Locus</strong></span> <span class='ocrx_word' id='word_1_49' title='bbox 555 869 671 937; x_wconf 88' lang='lat' dir='ltr'><strong>Lucae</strong></span> <span class='ocrx_word' id='word_1_50' title='bbox 686 867 768 938; x_wconf 84' lang='lat' dir='ltr'><strong>XX.</strong></span> <span class='ocrx_word' id='word_1_51' title='bbox 786 869 841 938; x_wconf 80' lang='lat'><strong>31.</strong></span> <span class='ocrx_word' id='word_1_52' title='bbox 856 867 912 938; x_wconf 75' lang='grc'><strong>32.</strong></span> <span class='ocrx_word' id='word_1_53' title='bbox 927 870 980 938; x_wconf 89' lang='lat' dir='ltr'><strong>ita</strong></span> <span class='ocrx_word' id='word_1_54' title='bbox 1002 869 1040 938; x_wconf 90' lang='lat' dir='ltr'><strong>iu</strong></span> <span class='ocrx_word' id='word_1_55' title='bbox 1055 873 1195 960; x_wconf 86' lang='lat' dir='ltr'><strong>recepta</strong></span> <span class='ocrx_word' id='word_1_56' title='bbox 1211 869 1304 958; x_wconf 90' lang='lat' dir='ltr'><strong>apud</strong></span> <span class='ocrx_word' id='word_1_57' title='bbox 1319 868 1424 958; x_wconf 84' lang='lat' dir='ltr'><strong>Syro-</strong></span> 
     </span>
     <span class='ocr_line' id='line_1_9' title="bbox 203 965 1422 1058; baseline 0.002 -18"><span class='ocrx_word' id='word_1_58' title='bbox 203 965 278 1041; x_wconf 70' lang='lat' dir='ltr'><strong>Ac</strong></span> <span class='ocrx_word' id='word_1_59' title='bbox 308 978 492 1048; x_wconf 78' lang='lat' dir='ltr'><strong>chaldaeos</strong></span> <span class='ocrx_word' id='word_1_60' title='bbox 508 976 666 1047; x_wconf 86' lang='lat' dir='ltr'><strong>versione</strong></span> <span class='ocrx_word' id='word_1_61' title='bbox 681 981 795 1046; x_wconf 85' lang='lat' dir='ltr'><strong>sonat:</strong></span> <span class='ocrx_word' id='word_1_62' title='bbox 815 976 889 1046; x_wconf 81' lang='lat' dir='ltr'><strong>cEt</strong></span> <span class='ocrx_word' id='word_1_63' title='bbox 903 977 996 1046; x_wconf 84' lang='lat' dir='ltr'><strong>dixit</strong></span> <span class='ocrx_word' id='word_1_64' title='bbox 1009 977 1034 1044; x_wconf 90' lang='lat' dir='ltr'><strong>J</strong></span> <span class='ocrx_word' id='word_1_65' title='bbox 1035 999 1114 1046; x_wconf 88' lang='lat' dir='ltr'><strong>esus</strong></span> <span class='ocrx_word' id='word_1_66' title='bbox 1130 976 1275 1045; x_wconf 84' lang='lat' dir='ltr'><strong>Simoni:</strong></span> <span class='ocrx_word' id='word_1_67' title='bbox 1294 975 1422 1058; x_wconf 86' lang='lat' dir='ltr'><strong>Simon¹</strong></span> 
     </span>
     <span class='ocr_line' id='line_1_10' title="bbox 309 1073 1425 1174; baseline 0.003 -27"><span class='ocrx_word' id='word_1_68' title='bbox 309 1112 325 1147; x_wconf 77' lang='lat' dir='ltr'><em>n</em></span> <span class='ocrx_word' id='word_1_69' title='bbox 346 1107 422 1154; x_wconf 91' lang='lat' dir='ltr'><strong>ecca</strong></span> <span class='ocrx_word' id='word_1_70' title='bbox 439 1083 589 1152; x_wconf 85' lang='lat' dir='ltr'><strong>Satanas</strong></span> <span class='ocrx_word' id='word_1_71' title='bbox 601 1083 740 1174; x_wconf 86' lang='lat' dir='ltr'><strong>quaerit</strong></span> <span class='ocrx_word' id='word_1_72' title='bbox 756 1106 818 1154; x_wconf 84' lang='lat' dir='ltr'><strong>voa</strong></span> <span class='ocrx_word' id='word_1_73' title='bbox 832 1083 986 1153; x_wconf 84' lang='lat' dir='ltr'><strong>cribrare</strong></span> <span class='ocrx_word' id='word_1_74' title='bbox 1002 1073 1097 1153; x_wconf 81' lang='lat' dir='ltr'><strong>sicut</strong></span> <span class='ocrx_word' id='word_1_75' title='bbox 1112 1083 1285 1152; x_wconf 91' lang='lat' dir='ltr'><strong>triticum.</strong></span> <span class='ocrx_word' id='word_1_76' title='bbox 1299 1083 1350 1151; x_wconf 86' lang='lat' dir='ltr'><strong>Et</strong></span> <span class='ocrx_word' id='word_1_77' title='bbox 1367 1105 1425 1172; x_wconf 85' lang='lat' dir='ltr'><strong>ego</strong></span> 
     </span>
     <span class='ocr_line' id='line_1_11' title="bbox 309 1190 1426 1280; baseline 0.003 -26"><span class='ocrx_word' id='word_1_78' title='bbox 309 1221 324 1254; x_wconf 77' lang='lat' dir='ltr'><em>n</em></span> <span class='ocrx_word' id='word_1_79' title='bbox 343 1191 469 1280; x_wconf 85' lang='lat' dir='ltr'><strong>rogavi</strong></span> <span class='ocrx_word' id='word_1_80' title='bbox 492 1190 533 1260; x_wconf 85' lang='lat' dir='ltr'><strong>de</strong></span> <span class='ocrx_word' id='word_1_81' title='bbox 556 1195 591 1258; x_wconf 88' lang='lat' dir='ltr'><strong>te</strong></span> <span class='ocrx_word' id='word_1_82' title='bbox 608 1191 675 1278; x_wconf 84' lang='lat' dir='ltr'><strong>(ool</strong></span> <span class='ocrx_word' id='word_1_83' title='bbox 690 1211 753 1279; x_wconf 90' lang='lat' dir='ltr'><strong>pro</strong></span> <span class='ocrx_word' id='word_1_84' title='bbox 768 1195 831 1278; x_wconf 89' lang='lat' dir='ltr'><strong>tc),</strong></span> <span class='ocrx_word' id='word_1_85' title='bbox 854 1196 895 1259; x_wconf 88' lang='lat' dir='ltr'><strong>ut</strong></span> <span class='ocrx_word' id='word_1_86' title='bbox 917 1213 986 1259; x_wconf 90' lang='lat' dir='ltr'><strong>nou</strong></span> <span class='ocrx_word' id='word_1_87' title='bbox 1009 1190 1150 1260; x_wconf 90' lang='lat' dir='ltr'><strong>deficiat</strong></span> <span class='ocrx_word' id='word_1_88' title='bbox 1172 1190 1258 1258; x_wconf 88' lang='lat' dir='ltr'><strong>fides</strong></span> <span class='ocrx_word' id='word_1_89' title='bbox 1280 1196 1358 1258; x_wconf 87' lang='lat' dir='ltr'><strong>tua.</strong></span> <span class='ocrx_word' id='word_1_90' title='bbox 1383 1190 1426 1258; x_wconf 92' lang='lat' dir='ltr'><strong>Et</strong></span> 
     </span>
     <span class='ocr_line' id='line_1_12' title="bbox 308 1296 1425 1389; baseline 0.001 -26"><span class='ocrx_word' id='word_1_91' title='bbox 308 1330 324 1363; x_wconf 69' lang='lat' dir='ltr'><strong>a</strong></span> <span class='ocrx_word' id='word_1_92' title='bbox 343 1305 384 1369; x_wconf 87' lang='lat' dir='ltr'><strong>tu</strong></span> <span class='ocrx_word' id='word_1_93' title='bbox 401 1301 506 1368; x_wconf 89' lang='lat' dir='ltr'><strong>etiam</strong></span> <span class='ocrx_word' id='word_1_94' title='bbox 522 1296 668 1389; x_wconf 90' lang='lat' dir='ltr'><strong>quodam</strong></span> <span class='ocrx_word' id='word_1_95' title='bbox 681 1303 832 1387; x_wconf 91' lang='lat' dir='ltr'><strong>tempore</strong></span> <span class='ocrx_word' id='word_1_96' title='bbox 845 1303 1033 1382; x_wconf 84' lang='lat' dir='ltr'><strong>revertere,</strong></span> <span class='ocrx_word' id='word_1_97' title='bbox 1047 1302 1084 1366; x_wconf 86' lang='lat' dir='ltr'><strong>et</strong></span> <span class='ocrx_word' id='word_1_98' title='bbox 1095 1297 1260 1366; x_wconf 88' lang='lat' dir='ltr'><strong>confirma</strong></span> <span class='ocrx_word' id='word_1_99' title='bbox 1272 1297 1339 1384; x_wconf 82' lang='lat' dir='ltr'><strong>(ccl</strong></span> <span class='ocrx_word' id='word_1_100' title='bbox 1353 1319 1425 1366; x_wconf 89' lang='lat' dir='ltr'><strong>con·</strong></span> 
     </span>
     <span class='ocr_line' id='line_1_13' title="bbox 308 1407 757 1492; baseline -0.002 -21"><span class='ocrx_word' id='word_1_101' title='bbox 308 1436 324 1471; x_wconf 77' lang='lat' dir='ltr'><em>n</em></span> <span class='ocrx_word' id='word_1_102' title='bbox 343 1407 469 1492; x_wconf 86' lang='lat' dir='ltr'><strong>solida)</strong></span> <span class='ocrx_word' id='word_1_103' title='bbox 485 1407 616 1475; x_wconf 89' lang='lat' dir='ltr'><strong>fratres</strong></span> <span class='ocrx_word' id='word_1_104' title='bbox 631 1411 723 1474; x_wconf 90' lang='lat' dir='ltr'><strong>tuos.</strong></span> <span class='ocrx_word' id='word_1_105' title='bbox 741 1432 757 1468; x_wconf 72' lang='lat' dir='ltr'><strong>a</strong></span> 
     </span>
     <span class='ocr_line' id='line_1_14' title="bbox 374 1511 1425 1592; baseline -0.002 -10"><span class='ocrx_word' id='word_1_106' title='bbox 374 1515 459 1583; x_wconf 84' lang='lat' dir='ltr'><strong>Cum</strong></span> <span class='ocrx_word' id='word_1_107' title='bbox 482 1513 540 1582; x_wconf 92' lang='lat' dir='ltr'><strong>hic</strong></span> <span class='ocrx_word' id='word_1_108' title='bbox 563 1512 748 1582; x_wconf 89' lang='lat' dir='ltr'><strong>consilium</strong></span> <span class='ocrx_word' id='word_1_109' title='bbox 771 1518 931 1584; x_wconf 83' lang='lat' dir='ltr'><strong>nostrum</strong></span> <span class='ocrx_word' id='word_1_110' title='bbox 954 1536 1023 1582; x_wconf 86' lang='lat' dir='ltr'><strong>non</strong></span> <span class='ocrx_word' id='word_1_111' title='bbox 1047 1513 1096 1582; x_wconf 91' lang='lat' dir='ltr'><strong>sit</strong></span> <span class='ocrx_word' id='word_1_112' title='bbox 1118 1516 1312 1592; x_wconf 87' lang='lat' dir='ltr'><strong>tractatum</strong></span> <span class='ocrx_word' id='word_1_113' title='bbox 1334 1511 1425 1580; x_wconf 89' lang='lat' dir='ltr'><strong>theo·</strong></span> 
     </span>
     <span class='ocr_line' id='line_1_15' title="bbox 307 1619 1424 1712; baseline -0.005 -21"><span class='ocrx_word' id='word_1_114' title='bbox 307 1623 459 1712; x_wconf 86' lang='lat' dir='ltr'><strong>logicum</strong></span> <span class='ocrx_word' id='word_1_115' title='bbox 483 1621 526 1689; x_wconf 91' lang='lat' dir='ltr'><strong>de</strong></span> <span class='ocrx_word' id='word_1_116' title='bbox 549 1620 696 1688; x_wconf 88' lang='lat' dir='ltr'><strong>Romani</strong></span> <span class='ocrx_word' id='word_1_117' title='bbox 720 1620 901 1689; x_wconf 88' lang='lat' dir='ltr'><strong>Pontificis</strong></span> <span class='ocrx_word' id='word_1_118' title='bbox 917 1620 1071 1710; x_wconf 89' lang='lat' dir='ltr'><strong>primatu</strong></span> <span class='ocrx_word' id='word_1_119' title='bbox 1090 1642 1133 1692; x_wconf 80' lang='lat' dir='ltr'><strong>ex</strong></span> <span class='ocrx_word' id='word_1_120' title='bbox 1148 1620 1305 1710; x_wconf 84' lang='lat' dir='ltr'><strong>professo</strong></span> <span class='ocrx_word' id='word_1_121' title='bbox 1330 1619 1424 1686; x_wconf 86' lang='lat' dir='ltr'><strong>insti-</strong></span> 
     </span>
     <span class='ocr_line' id='line_1_16' title="bbox 308 1725 1426 1818; baseline -0.006 -18"><span class='ocrx_word' id='word_1_122' title='bbox 308 1737 418 1813; x_wconf 87' lang='lat' dir='ltr'><strong>tuere,</strong></span> <span class='ocrx_word' id='word_1_123' title='bbox 441 1728 500 1797; x_wconf 90' lang='lat' dir='ltr'><strong>sed</strong></span> <span class='ocrx_word' id='word_1_124' title='bbox 524 1732 661 1796; x_wconf 88' lang='lat' dir='ltr'><strong>tantum</strong></span> <span class='ocrx_word' id='word_1_125' title='bbox 685 1727 909 1798; x_wconf 76' lang='lat' dir='ltr'><strong>traditionem</strong></span> <span class='ocrx_word' id='word_1_126' title='bbox 932 1727 1111 1796; x_wconf 84' lang='lat' dir='ltr'><strong>Ecclesiae</strong></span> <span class='ocrx_word' id='word_1_127' title='bbox 1135 1725 1426 1818; x_wconf 83' lang='lat' dir='ltr'><strong>Syrochaldaicae</strong></span> 
     </span>
     <span class='ocr_line' id='line_1_17' title="bbox 308 1834 1426 1918; baseline -0.01 -9"><span class='ocrx_word' id='word_1_128' title='bbox 308 1839 402 1910; x_wconf 88' lang='lat' dir='ltr'><strong>circa</strong></span> <span class='ocrx_word' id='word_1_129' title='bbox 418 1837 507 1905; x_wconf 89' lang='lat' dir='ltr'><strong>hauc</strong></span> <span class='ocrx_word' id='word_1_130' title='bbox 521 1835 663 1904; x_wconf 85' lang='lat' dir='ltr'><strong>maximi</strong></span> <span class='ocrx_word' id='word_1_131' title='bbox 679 1837 843 1904; x_wconf 81' lang='lat' dir='ltr'><strong>momenti</strong></span> <span class='ocrx_word' id='word_1_132' title='bbox 860 1836 1045 1906; x_wconf 87' lang='lat' dir='ltr'><strong>veritatem</strong></span> <span class='ocrx_word' id='word_1_133' title='bbox 1068 1834 1316 1918; x_wconf 88' lang='lat' dir='ltr'><strong>demonstrare,</strong></span> <span class='ocrx_word' id='word_1_134' title='bbox 1331 1838 1426 1902; x_wconf 82' lang='lat' dir='ltr'><strong>extra</strong></span> 
     </span>
     <span class='ocr_line' id='line_1_18' title="bbox 307 1941 1425 2016; baseline -0.006 -1"><span class='ocrx_word' id='word_1_135' title='bbox 307 1945 435 2016; x_wconf 88' lang='lat' dir='ltr'><strong>thesim</strong></span> <span class='ocrx_word' id='word_1_136' title='bbox 458 1950 613 2013; x_wconf 91' lang='lat' dir='ltr'><strong>nostram</strong></span> <span class='ocrx_word' id='word_1_137' title='bbox 636 1942 794 2012; x_wconf 87' lang='lat' dir='ltr'><strong>ducimus</strong></span> <span class='ocrx_word' id='word_1_138' title='bbox 824 1944 897 2012; x_wconf 91' lang='lat' dir='ltr'><strong>tria</strong></span> <span class='ocrx_word' id='word_1_139' title='bbox 920 1943 1091 2014; x_wconf 89' lang='lat' dir='ltr'><strong>hactenus</strong></span> <span class='ocrx_word' id='word_1_140' title='bbox 1120 1942 1292 2012; x_wconf 86' lang='lat' dir='ltr'><strong>recensita</strong></span> <span class='ocrx_word' id='word_1_141' title='bbox 1314 1941 1425 2012; x_wconf 87' lang='lat' dir='ltr'><strong>Evau-</strong></span> 
     </span>
     <span class='ocr_line' id='line_1_19' title="bbox 308 2050 1426 2144; baseline -0.005 -24"><span class='ocrx_word' id='word_1_142' title='bbox 308 2053 396 2144; x_wconf 84' lang='lat' dir='ltr'><strong>gelii</strong></span> <span class='ocrx_word' id='word_1_143' title='bbox 419 2050 496 2120; x_wconf 93' lang='lat' dir='ltr'><strong>loca</strong></span> <span class='ocrx_word' id='word_1_144' title='bbox 517 2050 713 2139; x_wconf 82' lang='lat' dir='ltr'><strong>theologice</strong></span> <span class='ocrx_word' id='word_1_145' title='bbox 746 2051 978 2142; x_wconf 88' lang='lat' dir='ltr'><strong>perpendere,</strong></span> <span class='ocrx_word' id='word_1_146' title='bbox 1010 2073 1053 2118; x_wconf 89' lang='lat' dir='ltr'><strong>ex</strong></span> <span class='ocrx_word' id='word_1_147' title='bbox 1084 2050 1196 2141; x_wconf 87' lang='lat' dir='ltr'><strong>iisque</strong></span> <span class='ocrx_word' id='word_1_148' title='bbox 1223 2055 1426 2138; x_wconf 85' lang='lat' dir='ltr'><strong>argumenta</strong></span> 
     </span>
     <span class='ocr_line' id='line_1_20' title="bbox 310 2155 1426 2247; baseline -0.006 -18"><span class='ocrx_word' id='word_1_149' title='bbox 310 2158 545 2230; x_wconf 88' lang='lat' dir='ltr'><strong>invictissima</strong></span> <span class='ocrx_word' id='word_1_150' title='bbox 574 2180 637 2246; x_wconf 92' lang='lat' dir='ltr'><strong>pro</strong></span> <span class='ocrx_word' id='word_1_151' title='bbox 671 2159 824 2246; x_wconf 87' lang='lat' dir='ltr'><strong>supremi</strong></span> <span class='ocrx_word' id='word_1_152' title='bbox 854 2157 1032 2227; x_wconf 87' lang='lat' dir='ltr'><strong>Ecclesiae</strong></span> <span class='ocrx_word' id='word_1_153' title='bbox 1065 2156 1200 2247; x_wconf 84' lang='lat' dir='ltr'><strong>Capitis</strong></span> <span class='ocrx_word' id='word_1_154' title='bbox 1227 2155 1370 2246; x_wconf 83' lang='lat' dir='ltr'><strong>juribus</strong></span> <span class='ocrx_word' id='word_1_155' title='bbox 1390 2177 1426 2222; x_wconf 90' lang='lat' dir='ltr'><strong>ac</strong></span> 
     </span>
     <span class='ocr_line' id='line_1_21' title="bbox 310 2262 1427 2357; baseline -0.005 -24"><span class='ocrx_word' id='word_1_156' title='bbox 310 2263 571 2357; x_wconf 83' lang='lat' dir='ltr'><strong>praerogativis</strong></span> <span class='ocrx_word' id='word_1_157' title='bbox 594 2285 726 2331; x_wconf 90' lang='lat' dir='ltr'><strong>eruere.</strong></span> <span class='ocrx_word' id='word_1_158' title='bbox 754 2262 850 2332; x_wconf 85' lang='lat' dir='ltr'><strong>Satis</strong></span> <span class='ocrx_word' id='word_1_159' title='bbox 873 2264 923 2332; x_wconf 84' lang='lat' dir='ltr'><strong>sit</strong></span> <span class='ocrx_word' id='word_1_160' title='bbox 945 2285 1007 2354; x_wconf 91' lang='lat' dir='ltr'><strong>pro</strong></span> <span class='ocrx_word' id='word_1_161' title='bbox 1030 2269 1151 2331; x_wconf 87' lang='lat' dir='ltr'><strong>nostra</strong></span> <span class='ocrx_word' id='word_1_162' title='bbox 1172 2262 1357 2352; x_wconf 89' lang='lat' dir='ltr'><strong>provincia</strong></span> <span class='ocrx_word' id='word_1_163' title='bbox 1379 2283 1427 2330; x_wconf 88' lang='lat' dir='ltr'><strong>es-</strong></span> 
     </span>
     <span class='ocr_line' id='line_1_22' title="bbox 311 2370 1426 2461; baseline -0.006 -18"><span class='ocrx_word' id='word_1_164' title='bbox 311 2374 387 2444; x_wconf 90' lang='lat' dir='ltr'><strong>dem</strong></span> <span class='ocrx_word' id='word_1_165' title='bbox 412 2371 616 2460; x_wconf 82' lang='lat' dir='ltr'><strong>evangelica</strong></span> <span class='ocrx_word' id='word_1_166' title='bbox 631 2371 707 2439; x_wconf 91' lang='lat' dir='ltr'><strong>loca</strong></span> <span class='ocrx_word' id='word_1_167' title='bbox 723 2393 805 2461; x_wconf 91' lang='lat' dir='ltr'><strong>prae</strong></span> <span class='ocrx_word' id='word_1_168' title='bbox 829 2371 940 2442; x_wconf 89' lang='lat' dir='ltr'><strong>oculis</strong></span> <span class='ocrx_word' id='word_1_169' title='bbox 963 2371 1181 2461; x_wconf 86' lang='lat' dir='ltr'><strong>proposuisse</strong></span> <span class='ocrx_word' id='word_1_170' title='bbox 1203 2375 1309 2461; x_wconf 88' lang='lat' dir='ltr'><strong>prout</strong></span> <span class='ocrx_word' id='word_1_171' title='bbox 1326 2370 1426 2460; x_wconf 84' lang='lat' dir='ltr'><strong>Syro·</strong></span> 
     </span>
     <span class='ocr_line' id='line_1_23' title="bbox 236 2467 1427 2569; baseline -0.003 -20"><span class='ocrx_word' id='word_1_172' title='bbox 236 2560 239 2566; x_wconf 26' lang='lat'>¹</span> <span class='ocrx_word' id='word_1_173' title='bbox 312 2479 472 2549; x_wconf 88' lang='lat' dir='ltr'><strong>chaldaei</strong></span> <span class='ocrx_word' id='word_1_174' title='bbox 494 2501 536 2547; x_wconf 84' lang='lat' dir='ltr'><strong>aa</strong></span> <span class='ocrx_word' id='word_1_175' title='bbox 561 2467 646 2546; x_wconf 88' lang='lat' dir='ltr'><strong>tum</strong></span> <span class='ocrx_word' id='word_1_176' title='bbox 666 2479 804 2569; x_wconf 88' lang='lat' dir='ltr'><strong>publica</strong></span> <span class='ocrx_word' id='word_1_177' title='bbox 834 2486 909 2549; x_wconf 84' lang='lat' dir='ltr'><strong>tum</strong></span> <span class='ocrx_word' id='word_1_178' title='bbox 940 2479 1078 2569; x_wconf 86' lang='lat' dir='ltr'><strong>private</strong></span> <span class='ocrx_word' id='word_1_179' title='bbox 1107 2478 1254 2568; x_wconf 81' lang='lat' dir='ltr'><strong>legunt,</strong></span> <span class='ocrx_word' id='word_1_180' title='bbox 1280 2483 1324 2546; x_wconf 82' lang='lat' dir='ltr'><strong>ut</strong></span> <span class='ocrx_word' id='word_1_181' title='bbox 1352 2479 1427 2546; x_wconf 89' lang='lat' dir='ltr'><strong>iuda</strong></span> 
     </span>
     <span class='ocr_line' id='line_1_24' title="bbox 312 2585 1427 2679; baseline -0.004 -25"><span class='ocrx_word' id='word_1_182' title='bbox 312 2592 453 2678; x_wconf 84' lang='lat' dir='ltr'><strong>pateat,</strong></span> <span class='ocrx_word' id='word_1_183' title='bbox 479 2609 690 2656; x_wconf 90' lang='lat' dir='ltr'><strong>communem</strong></span> <span class='ocrx_word' id='word_1_184' title='bbox 715 2609 873 2671; x_wconf 90' lang='lat' dir='ltr'><strong>sensum,</strong></span> <span class='ocrx_word' id='word_1_185' title='bbox 900 2609 968 2679; x_wconf 87' lang='lat' dir='ltr'><strong>quc</strong></span> <span class='ocrx_word' id='word_1_186' title='bbox 990 2586 1149 2656; x_wconf 87' lang='lat' dir='ltr'><strong>Ecclesia</strong></span> <span class='ocrx_word' id='word_1_187' title='bbox 1172 2585 1346 2655; x_wconf 89' lang='lat' dir='ltr'><strong>catholica</strong></span> <span class='ocrx_word' id='word_1_188' title='bbox 1367 2585 1427 2654; x_wconf 91' lang='lat' dir='ltr'><strong>illa</strong></span> 
     </span>
     <span class='ocr_line' id='line_1_25' title="bbox 312 2691 1428 2782; baseline -0.003 -20"><span class='ocrx_word' id='word_1_189' title='bbox 312 2713 420 2762; x_wconf 90' lang='lat' dir='ltr'><strong>aurea</strong></span> <span class='ocrx_word' id='word_1_190' title='bbox 441 2691 632 2782; x_wconf 90' lang='lat' dir='ltr'><strong>Evangelii</strong></span> <span class='ocrx_word' id='word_1_191' title='bbox 655 2692 857 2761; x_wconf 89' lang='lat' dir='ltr'><strong>testimonia</strong></span> <span class='ocrx_word' id='word_1_192' title='bbox 871 2694 1061 2782; x_wconf 88' lang='lat' dir='ltr'><strong>primatum</strong></span> <span class='ocrx_word' id='word_1_193' title='bbox 1075 2693 1173 2761; x_wconf 89' lang='lat' dir='ltr'><strong>Petri</strong></span> <span class='ocrx_word' id='word_1_194' title='bbox 1196 2692 1428 2762; x_wconf 86' lang='lat' dir='ltr'><strong>asseverantis</strong></span> 
     </span>
     <span class='ocr_line' id='line_1_26' title="bbox 313 2797 1427 2889; baseline -0.004 -21"><span class='ocrx_word' id='word_1_195' title='bbox 313 2797 498 2888; x_wconf 85' lang='lat' dir='ltr'><strong>intelligit,</strong></span> <span class='ocrx_word' id='word_1_196' title='bbox 513 2821 574 2888; x_wconf 93' lang='lat' dir='ltr'><strong>per</strong></span> <span class='ocrx_word' id='word_1_197' title='bbox 597 2798 779 2869; x_wconf 88' lang='lat' dir='ltr'><strong>lectionem</strong></span> <span class='ocrx_word' id='word_1_198' title='bbox 804 2799 1140 2889; x_wconf 87' lang='lat' dir='ltr'><strong>Syrochaldaeorum</strong></span> <span class='ocrx_word' id='word_1_199' title='bbox 1164 2799 1290 2868; x_wconf 89' lang='lat' dir='ltr'><strong>mirum</strong></span> <span class='ocrx_word' id='word_1_200' title='bbox 1313 2799 1350 2868; x_wconf 90' lang='lat' dir='ltr'><strong>in</strong></span> <span class='ocrx_word' id='word_1_201' title='bbox 1364 2821 1427 2865; x_wconf 92' lang='lat' dir='ltr'><strong>mo-</strong></span> 
     </span>
     <span class='ocr_line' id='line_1_27' title="bbox 314 2905 1427 2997; baseline -0.006 -19"><span class='ocrx_word' id='word_1_202' title='bbox 314 2907 396 2978; x_wconf 87' lang='lat' dir='ltr'><strong>dum</strong></span> <span class='ocrx_word' id='word_1_203' title='bbox 408 2905 616 2974; x_wconf 88' lang='lat' dir='ltr'><strong>confirmari.</strong></span> <span class='ocrx_word' id='word_1_204' title='bbox 632 2907 804 2997; x_wconf 90' lang='lat' dir='ltr'><strong>Deinceps</strong></span> <span class='ocrx_word' id='word_1_205' title='bbox 820 2912 936 2976; x_wconf 90' lang='lat' dir='ltr'><strong>autem</strong></span> <span class='ocrx_word' id='word_1_206' title='bbox 952 2906 1158 2991; x_wconf 90' lang='lat' dir='ltr'><strong>videbimus,</strong></span> <span class='ocrx_word' id='word_1_207' title='bbox 1173 2929 1241 2996; x_wconf 88' lang='lat' dir='ltr'><strong>quo</strong></span> <span class='ocrx_word' id='word_1_208' title='bbox 1255 2927 1357 2974; x_wconf 89' lang='lat' dir='ltr'><strong>sensu</strong></span> <span class='ocrx_word' id='word_1_209' title='bbox 1370 2905 1427 2972; x_wconf 90' lang='lat' dir='ltr'><strong>hos</strong></span> 
     </span>
     <span class='ocr_line' id='line_1_28' title="bbox 313 3013 1427 3104; baseline -0.004 -22"><span class='ocrx_word' id='word_1_210' title='bbox 313 3020 387 3082; x_wconf 86' lang='lat' dir='ltr'><strong>tres</strong></span> <span class='ocrx_word' id='word_1_211' title='bbox 417 3017 536 3081; x_wconf 83' lang='lat' dir='ltr'><strong>textus</strong></span> <span class='ocrx_word' id='word_1_212' title='bbox 565 3013 787 3103; x_wconf 84' lang='lat' dir='ltr'><strong>evangelicos</strong></span> <span class='ocrx_word' id='word_1_213' title='bbox 821 3014 1004 3103; x_wconf 85' lang='lat' dir='ltr'><strong>intelligat</strong></span> <span class='ocrx_word' id='word_1_214' title='bbox 1033 3013 1111 3104; x_wconf 86' lang='lat' dir='ltr'><strong>ipsa</strong></span> <span class='ocrx_word' id='word_1_215' title='bbox 1139 3013 1298 3082; x_wconf 89' lang='lat' dir='ltr'><strong>Ecclesia</strong></span> <span class='ocrx_word' id='word_1_216' title='bbox 1328 3013 1427 3102; x_wconf 80' lang='lat' dir='ltr'><strong>Syro·</strong></span> 
     </span>
     <span class='ocr_line' id='line_1_29' title="bbox 315 3119 508 3190; baseline -0.005 0"><span class='ocrx_word' id='word_1_217' title='bbox 315 3119 508 3190; x_wconf 86' lang='lat' dir='ltr'><strong>chaldaica.</strong></span> 
     </span>
    </p>
   </div>
   <div class='ocr_carea' id='block_1_3' title="bbox 0 0 1518 4672">
    <p class='ocr_par' dir='ltr' id='par_1_3' title="bbox 0 0 1518 4672">
     <span class='ocr_line' id='line_1_30' title="bbox 0 0 1518 4672; baseline 0 0"><span class='ocrx_word' id='word_1_218' title='bbox 0 0 1518 4672; x_wconf 95' lang='lat' dir='ltr'><strong> </strong></span> 
     </span>
    </p>
   </div>
  </div>
 </body>
</html>
