3018 4672
285 100 330 171 94
357 171 360 179 ,
738 125 900 173 ararum
917 129 942 174 r.

287 221 373 329 quas
396 258 461 305 sua
483 237 665 304 notissima
688 238 863 328 sapientia
878 243 914 307 et
930 247 1088 310 materna
1104 242 1218 332 pietas
1234 241 1302 312 sihi
1319 265 1404 332 sug·

288 349 429 433 gerunt,
448 365 600 436 quasque
617 344 685 412 scit
699 345 743 413 ad
760 345 924 434 majorem
947 347 1049 416 illius
1064 349 1220 418 nationis
1237 349 1407 440 spiritua·

287 450 354 519 lem
378 451 572 519 utilitatem
595 453 753 520 conferre
777 452 840 540 (l).

356 665 456 748 Quod
479 665 608 735 attinet
630 666 673 736 ad
697 667 845 736 alterins
863 669 1019 739 familiae
1036 669 1331 760 Syrochaldaicae
1346 693 1406 762 pa·

288 773 531 858 triarchatum,
557 775 649 843 idest
671 774 893 844 SYRORUM
915 777 1165 859 Jacoditarum‚
1191 778 1252 869 qui
1280 778 1409 860 Antio,

290 882 419 953 chenus
435 889 591 967 vocetur,
618 883 724 951 liceat
751 884 851 952 nobis
873 885 1163 968 animadvertere,
1188 885 1302 970 illum,
1330 908 1408 956 con·

289 991 445 1061 siderate
472 990 548 1079 ejus
575 990 710 1080 origine
737 998 772 1060 et
798 992 934 1062 ratione
958 1016 1028 1084 qua
1049 998 1156 1061 natus
1178 999 1243 1078 est,
1270 993 1408 1062 nullum

290 1099 425 1167 omnino
449 1099 575 1168 habere
598 1099 751 1188 potuisse
772 1099 833 1188 jus
856 1101 1065 1191 legitimum,
1083 1125 1161 1171 cum
1176 1107 1250 1171 toto
1266 1124 1304 1170 eo
1320 1108 1406 1172 tcm-

290 1229 372 1297 pore
403 1229 469 1298 quo
502 1206 587 1295 Syri
618 1207 896 1296 monophysismo
933 1209 1057 1278 infecti
1086 1214 1206 1294 erant,
1234 1232 1337 1280 verus
1368 1233 1410 1280 ac

290 1315 471 1406 legitimus
497 1315 698 1406 patriarche
720 1317 961 1385 Antiochenns
984 1317 1046 1384 ille
1070 1323 1147 1386 erat
1170 1318 1277 1402 solus,
1308 1339 1410 1409 quem

290 1423 448 1494 Ecclesia
480 1422 652 1492 catholica
682 1425 913 1512 agnoscebat,
948 1425 1076 1517 quique
1111 1425 1289 1518 usquead
1316 1449 1409 1494 secu·

292 1531 363 1600 lum
378 1531 442 1598 XI.
460 1553 525 1622 quo
539 1531 747 1598 Photianum
759 1531 909 1600 schisma
925 1533 962 1600 in
979 1533 1118 1602 Oriente
1135 1537 1410 1602 consummatum

293 1640 375 1724 fuit,
393 1638 595 1728 patriarcha
617 1639 862 1709 Melchitarnm
876 1648 965 1710 erat.
983 1641 1119 1710 Exinde
1132 1647 1241 1730 patet,
1256 1641 1407 1710 alterum

291 1744 547 1814 Antiochenam
560 1745 807 1835 patriarcham,
823 1747 1025 1815 aJaoobitis
1044 1749 1254 1816 anctoritate
1266 1748 1411 1838 privata

227 1933 230 1939 ,
295 1859 416 1924 contra
438 1853 636 1944 legitimum
667 1853 876 1923 catholicum
900 1855 1136 1945 patriarcham
1160 1857 1407 1942 constitutum,

293 1963 490 2054 legitimum
515 1985 583 2030 non
606 1961 728 2048 fuisse;
751 1984 830 2029 nam
854 1985 957 2031 unam
980 1963 1187 2054 eandemque
1210 1964 1324 2033 sedem
1349 1986 1408 2032 ve-

294 2076 376 2140 tant
398 2069 626 2140 ecclesiastici
649 2090 795 2138 canones
818 2091 839 2136 a
862 2069 994 2139 duobus
1026 2071 1189 2159 occupari
1218 2070 1411 2162 episcopis,

293 2184 525 2270 statuuntque
546 2178 606 2265 jus
630 2178 794 2247 catholici
810 2179 984 2247 antistitis
996 2202 1064 2247 non
1079 2201 1178 2268 posse
1195 2201 1255 2269 per
1278 2181 1412 2248 factum

186 2311 188 2317 ’
292 2287 508 2358 schismatici
524 2285 674 2354 hominis
691 2287 838 2356 destrui.
853 2287 943 2355 Sane
958 2286 1199 2356 Antiochenus
1215 2309 1336 2356 recens
1351 2309 1411 2376 pa-

294 2394 511 2464 triarchatus
527 2394 778 2480 Jacobitarum,
800 2395 965 2464 aSevero
981 2394 1239 2484 monophysita,
1266 2395 1328 2486 qui
1355 2418 1407 2463 se·

293 2503 372 2572 onlo
391 2502 443 2571 Vl
458 2525 535 2572 eum
559 2503 711 2592 arripuit
734 2508 770 2571 et
787 2503 904 2594 aliquo
927 2511 1080 2592 tempore
1103 2502 1302 2592 occupavit,
1321 2501 1411 2572 deri·

294 2637 412 2699 vatur.
426 2628 539 2721 Atqui
554 2628 611 2696 hio
624 2628 785 2713 Severus,
800 2626 1298 2718 testibus'ipsisschismaticis
1310 2623 1408 2734 (n),

294 2761 315 2806 a
334 2738 421 2808 Sede
436 2736 640 2827 Apostolica
663 2737 978 2806 excommunicatus
1001 2743 1072 2823 est;
1100 2758 1243 2827 cumque
1267 2735 1324 2802 illi
1350 2758 1412 2824 per

292 2845 485 2934 legitimam
509 2844 765 2914 catholicorum
788 2845 988 2913 electionem
1000 2845 1147 2914 Paullus
1170 2844 1410 2927 successisset,

293 2951 475 3022 Jacohitae
498 2956 577 3040 post
610 2949 731 3020 Severi
766 2957 908 3033 mortem
939 2950 1149 3018 auctoritate
1181 2949 1326 3039 privata
1353 2973 1412 3040 pa-

293 3059 497 3143 triarcham,
524 3058 702 3149 quemdam
726 3056 899 3147 Sergium,
925 3080 946 3125 a
968 3081 1035 3151 quo
1058 3059 1166 3126 series
1189 3079 1331 3125 suorum
1355 3079 1414 3147 pa-

294 3168 528 3238 triarcharum
551 3166 689 3256 incipit,
709 3166 776 3234 sibi
800 3171 974 3235 crearunt.
1001 3165 1086 3233 Cum
1103 3170 1219 3233 autem
1240 3163 1327 3254 Syri
1350 3163 1412 3232 Ja-

296 3277 429 3346 cobitae
464 3275 508 3344 ad
542 3273 749 3342 catholicam
780 3272 971 3342 Ecclesiam
1005 3272 1179 3362 superiori
1210 3271 1328 3340 seculo
1358 3293 1409 3340 re-

294 3383 389 3454 versi
420 3387 526 3466 sunt,
558 3403 673 3449 secum
699 3379 736 3446 in
763 3379 860 3447 illam
891 3381 1017 3448 afferre
1041 3401 1109 3446 non
1131 3384 1294 3468 poterant
1321 3379 1413 3470 quod

294 3515 362 3561 non
389 3491 573 3574 habebant,
598 3490 690 3558 idest
715 3487 911 3578 legitimum
940 3487 1229 3579 patriarchatum.
1262 3486 1414 3580 Ideoque

295 3623 396 3692 quem
411 3599 439 3668 ii
453 3622 546 3668 nunc
561 3598 689 3667 hahent
712 3597 1002 3687 patriarchatum,
1020 3619 1114 3686 mera
1137 3595 1237 3667 Sedis
1260 3598 1409 3686 Aposto-

364 3775 718 3854 (decumanorum,
739 3794 790 3834 nos
812 3780 919 3834 sentire
944 3781 1084 3834 Romanos
1113 3777 1262 3845 pontifices
1292 3777 1413 3831 candem

294 3887 451 3942 supremam
476 3869 674 3924 auctoritatem
693 3886 749 3924 non
768 3886 850 3939 posse
870 3885 999 3923 exercere
1019 3869 1106 3922 etiam
1124 3869 1156 3921 in
1187 3868 1255 3921 illos
1286 3869 1412 3935 patriar·

294 3965 403 4036 chatra
425 3963 474 4030 qni
494 3961 677 4029 apostolicam
696 3961 772 4014 idest
790 3962 824 4014 ab
843 3960 990 4028 Apostoli:
1003 3960 1077 4026 ipsis
1092 3959 1251 4012 derivatam
1272 3959 1414 4024 originem

293 4057 398 4110 habere
417 4051 579 4108 ereduntur.
596 4051 776 4106 contrarium
796 4052 871 4104 enim
890 4053 953 4103 tota
971 4051 1046 4104 ratio
1061 4051 1176 4104 nostrae
1189 4049 1414 4104 elucubrationis

295 4143 521 4198 luculentissime
542 4139 728 4194 demonstrat.
