3006 4672
420 176 463 220 nx
486 177 623 224 noeros.
650 174 859 223 arimannos.
1152 152 1198 222 21

86 284 158 354 siae
171 287 295 354 Patres
311 292 392 356 ante
409 289 584 358 saeculnm
603 289 671 358 VJ*
692 289 955 379 syrachaldaice
972 289 1198 378 scripserunt,

84 395 271 483 primatum
296 396 333 464 S.
348 397 446 464 Petri
469 405 678 487 compertum
710 421 777 465 non
800 398 988 466 habuerint
1010 397 1068 468 vel
1098 398 1139 466 de
1163 420 1202 466 eo

81 501 175 568 nihil
199 504 416 593 scripserint,
435 504 494 574 sed
518 506 607 596 qnod
623 528 740 575 eorum
756 506 955 574 testimonia
971 507 1058 574 satis
1071 529 1092 574 a
1104 507 1202 574 nobis

80 609 240 676 exhibita
264 611 336 678 sint
357 612 395 678 in
411 612 639 680 citationibus
655 613 827 703 superiori
843 613 1063 704 paragrapho
1083 613 1202 680 allatis

81 738 123 784 ex
140 715 245 783 libris
260 715 453 807 liturgicis,
469 720 530 810 qui
542 719 761 809 potissimum
777 743 819 788 ex
835 743 952 789 eorum
968 720 1111 810 scriptis
1125 743 1201 790 con·

82 822 217 890 cinnati
233 831 327 909 sunt,
348 826 484 896 seilicet
500 826 555 894 Ss.
565 828 764 918 Ephraemi,
783 828 952 897 Simeonis
967 829 1199 919 Barsabbage,

81 929 208 999 Jacobi
232 932 452 1022 Sarugensis,
471 935 586 1004 Isaaci
611 935 836 1021 Antiocheni,
850 936 1007 1005 Rabulae
1021 937 1200 1021 Edesseni,

79 1037 218 1125 Balaei,
244 1040 375 1130 Cyrilli
397 1043 723 1132 Hierosolymitani,
750 1042 933 1111 Marathos
950 1042 1202 1133 Maiparacten·

80 1146 143 1230 sis,
159 1154 226 1215 eto.
241 1148 266 1215 J
267 1171 405 1219 amvero
416 1151 505 1242 quod
518 1151 719 1220 testimonia
732 1173 819 1243 quae
833 1149 980 1218 allaturi
989 1174 1120 1236 sumus,
1132 1152 1203 1220 sint

82 1276 124 1322 ex
142 1255 375 1346 scriptoribus
392 1257 626 1326 schismaticis
638 1259 831 1347 desumpta,
847 1259 932 1349 quin
944 1280 1060 1326 eorum
1077 1258 1203 1326 validi-

80 1362 152 1430 tati
174 1367 307 1447 noceat,
325 1363 490 1452 majorem
513 1364 630 1454 potins
644 1365 718 1432 illis
734 1365 876 1453 praebet
891 1365 973 1433 vim.
993 1364 1203 1432 Testimonio

81 1470 174 1538 enim
198 1470 351 1540 alieuius
374 1473 411 1540 in
434 1495 472 1540 re
496 1494 583 1564 quae
607 1473 682 1540 eius
706 1494 829 1541 censae
845 1494 913 1540 non
935 1472 1045 1539 solum
1068 1495 1136 1542 non
1152 1474 1203 1539 fa·

81 1583 143 1646 vet
166 1579 226 1647 sed
249 1579 355 1648 etiam
377 1585 497 1666 nocet,
524 1585 566 1648 ut
587 1586 641 1648 est
671 1579 830 1648 doctrina
860 1579 901 1648 de
932 1581 1085 1670 primatu
1107 1580 1204 1648 Petri

82 1689 196 1781 quoad
209 1687 363 1756 homines
375 1688 626 1773 schismaticos,
645 1688 821 1778 refragari
835 1711 932 1756 nemo
948 1697 1073 1778 potest.
1094 1689 1202 1758 Nimi-

81 1819 159 1865 rum
191 1796 364 1865 catholiea
394 1796 554 1865 doctrina
585 1797 626 1864 de
656 1819 813 1886 supremo
847 1795 1025 1864 Ecclesiae
1054 1796 1200 1886 Capite,

82 1927 186 1997 quam
221 1903 382 1994 Apostoli
414 1903 684 1993 Syroohaldaeis
713 1903 852 1994 populis
882 1903 1102 1971 tradiderant
1135 1927 1202 1971 non

82 2036 183 2082 secus
208 2035 248 2080 ac
273 2013 396 2082 ceteris
423 2013 636 2098 nationibus,
670 2011 707 2080 in
739 2034 861 2081 manus
896 2011 1203 2080 Schismaticorum

80 2120 292 2210 pertransiit
313 2120 418 2188 simul
442 2143 519 2189 cum
542 2121 697 2210 deposito
727 2121 877 2188 omnium
908 2121 980 2189 fare
1003 2120 1202 2209 dogmatum

81 2227 344 2314 catholicorum;
360 2228 478 2319 ibique
501 2227 566 2296 hae
590 2249 706 2294 omnes
730 2227 902 2296 veritates
925 2250 986 2316 per
1010 2227 1127 2299 secula
1150 2245 1201 2294 re·

81 2341 294 2420 manserant,
320 2357 485 2428 suamque
509 2335 723 2404 vitalitatem
748 2335 845 2404 modo
862 2335 974 2403 statui
990 2335 1130 2409 illorum
1146 2357 1203 2424 po-

81 2445 245 2534 pulorum
269 2467 421 2534 congruo
444 2445 661 2528 evolverent,
687 2444 771 2536 quin
802 2446 1120 2514 contaminarentur
1144 2445 1201 2514 vel

80 2553 271 2620 notabilem
293 2557 498 2642 paterentur
521 2553 761 2622 mutationem.
780 2553 868 2623 Nam
892 2554 959 2621 etsi
982 2551 1204 2621 Schismatioi

82 2659 272 2728 orientales
295 2683 315 2728 a
338 2669 456 2728 centro
480 2659 631 2728 unitatis
655 2665 797 2750 propter
821 2682 918 2728 suam
950 2661 1145 2750 superbiam
1168 2667 1204 2728 et

82 2767 333 2836 contumaciam
356 2789 392 2834 se
415 2765 648 2850 divulserint,
675 2765 817 2854 speciali
842 2773 956 2834 tamen
988 2768 1120 2836 laetum
1150 2771 1204 2834 est

82 2875 310 2964 dispositione
333 2873 465 2959 divina,
492 2879 533 2942 ut
557 2895 643 2964 quas
658 2895 679 2940 a
695 2874 885 2962 majoribus
908 2875 981 2943 suis
1009 2874 1202 2944 hereditate

82 2982 279 3052 habuerant
301 2981 487 3070 religiosas
503 2981 724 3066 traditiones,
739 3004 801 3072 per
817 2982 999 3050 decursum
1014 2982 1202 3053 multorum

83 3092 279 3162 seculorum
302 3091 455 3160 intactas
479 3090 723 3175 servaverint,
751 3095 787 3158 et
817 3089 868 3157 sie
891 3090 927 3156 in
959 3091 1039 3158 sinu
1070 3111 1201 3178 semper

82 3224 144 3269 suo
167 3199 400 3270 custodierint
423 3199 514 3291 quod
537 3197 742 3267 invincibile
775 3204 897 3268 contra
926 3197 1078 3286 ipsorum
1109 3197 1200 3264 defe-

82 3310 229 3380 ctionem
252 3315 345 3378 esset
367 3317 610 3398 argumentum
633 3314 669 3376 et
692 3306 886 3376 fortissima
902 3305 938 3372 in
962 3307 1119 3388 manibus
1135 3306 1200 3376 Ec·

83 3419 207 3489 clasiae
231 3416 424 3486 catholicae
447 3423 569 3486 contra
592 3438 649 3486 eos
673 3416 815 3483 offerret
838 3435 945 3481 arma.

147 3527 215 3596 Hie
237 3525 374 3616 positis,
400 3525 581 3594 veniamus
604 3547 697 3592 nune
720 3524 764 3590 ad
793 3520 993 3611 exponenda
1014 3520 1199 3592 Chaldaeo-

82 3659 158 3704 rum
175 3635 337 3724 primum,
356 3632 479 3703 deinde
497 3633 665 3722 Syrorum
679 3630 888 3719 scriptorum
901 3629 1092 3698 sententias
1108 3630 1201 3698 circa

82 3746 122 3814 B.
133 3743 232 3815 Petri
244 3743 443 3830 primatum.
463 3743 618 3811 Primum
631 3739 868 3808 testimonium
886 3739 984 3806 nobis
1002 3737 1200 3828 suppeditet

83 3849 364 3941 ingentissimam
371 3847 548 3918 Ecclesiae
556 3846 763 3916 Chaldaicos
781 3843 910 3934 Corpus
923 3844 953 3912 J
952 3846 1023 3908 uris
1033 3843 1199 3912 Canonici

86 3981 191 4052 aeque
207 3981 247 4028 ao
264 3958 542 4028 vetustissimum
558 3965 594 4024 et
609 3955 759 4022 maxima
773 3952 906 4044 pollens
921 3951 1012 4042 apud
1037 3974 1115 4018 suos
1139 3972 1198 4016 au·

87 4071 262 4140 ctoritate.
280 4066 403 4158 ltaque
426 4065 463 4132 in
485 4064 550 4133 hoc
572 4063 810 4133 Nomooanone
832 4061 994 4142 refertur,
1015 4058 1049 4124 in
1067 4057 1198 4146 synodo

87 4177 292 4248 Chaldaicos
325 4173 501 4258 nationis,
534 4195 555 4239 a
584 4169 760 4239 Dadishoo
791 4167 992 4258 patriarcha
1021 4186 1110 4232 anno
1132 4161 1198 4230 430
