3006 4672
484 197 488 206 '
513 205 556 248 nx
581 205 608 248 s.
628 202 752 249 somer.
1169 177 1190 245 3

65 345 84 381 n
103 339 202 386 meus
218 318 280 410 qui
294 321 349 387 est
365 317 402 384 in
419 316 539 406 coelis,
550 316 627 406 Ego
642 315 748 385 etiam
760 316 838 385 dico
850 316 929 384 tibi:
949 316 1004 384 Tu
1019 338 1057 384 es
1072 316 1189 404 Petra,

65 453 82 488 n
104 433 141 494 et
170 449 276 516 super
305 425 395 494 hanc
418 426 555 493 Petram
578 425 767 494 aedificabo
789 425 983 494 Ecclesiam
1005 446 1127 509 meam,
1157 432 1193 494 et

64 560 82 594 n
103 538 228 622 portae
243 533 358 600 Inferi
380 555 449 600 non
464 533 717 622 expugnabunt
731 553 817 599 eam.
831 530 880 598 Et
891 531 959 600 tibi
971 531 1058 600 dabo
1074 533 1192 602 claves

48 651 81 702 'n
100 641 206 730 regni
223 639 407 726 coelorum;
427 643 463 706 et
478 638 648 729 quidquid
664 638 837 726 ligaveris
849 639 886 705 in
898 644 1006 723 terra,
1021 637 1091 718 erit
1102 638 1191 728 liga-

64 775 81 809 η
102 754 182 815 tum
197 748 236 816 in
253 747 371 834 coelis3
390 751 427 814 et
442 746 533 837 quod
550 746 699 816 solveris
715 746 752 814 in
767 751 875 830 terra,
889 747 959 814 erit
981 746 1135 815 solutum
1154 747 1192 814 in

63 882 81 917 n
103 856 231 924 coelis·
243 861 265 917 η’
281 856 386 942 Nota,
401 855 568 922 Doctores
589 848 817 922 communiter
841 860 959 922 tenere
976 877 1004 922 s.
1018 853 1191 922 Matthae-

60 987 124 1031 um
151 963 374 1052 evangelium
390 985 492 1030 suum
508 959 784 1051 Syrochaldaica
799 961 924 1050 lingua
940 961 1132 1052 scripsisse.
1148 963 1192 1030 In

61 1072 132 1140 hac
149 1070 352 1160 hypothesi,
371 1075 471 1138 tener
486 1070 595 1159 hujus
611 1069 680 1137 loci
697 1069 908 1159 evangelici,
927 1075 1033 1160 prout
1047 1075 1192 1138 sanctus

60 1179 290 1268 evangelista
304 1178 406 1246 illum
422 1178 577 1267 scripsit,
593 1183 734 1246 sonaret
755 1181 798 1244 ut
816 1201 893 1245 mox
909 1177 1107 1246 retulimus.
1122 1177 1190 1246 Sed

61 1284 239 1376 quidquid
263 1285 312 1353 sit
334 1285 376 1353 de
399 1285 466 1352 hac
489 1284 663 1374 opinione,
689 1289 824 1352 certum
847 1289 902 1352 est
923 1283 1108 1352 Dominum
1131 1307 1190 1352 no-

60 1399 181 1462 strum
196 1416 274 1462 cum
289 1392 484 1483 Discipulis
500 1393 575 1460 suis
590 1393 746 1462 locutum
762 1414 836 1462 esse
851 1393 976 1480 lingua
992 1397 1076 1460 tunc
1096 1393 1190 1482 apud

60 1502 243 1570 Hebraeos
258 1500 414 1590 vigente,
433 1521 520 1592 quae
536 1506 613 1569 erat
629 1499 916 1592 Syroohaldaica,
939 1521 1041 1592 quam
1064 1499 1102 1567 in
1123 1499 1189 1568 As·

61 1609 169 1698 syria
191 1631 259 1700 quo
283 1629 304 1674 a
325 1607 643 1677 Nabuchodonosor
665 1631 748 1698 rege
771 1607 943 1697 asportati
966 1612 1078 1692 erant,
1100 1607 1190 1676 didi-

62 1721 202 1800 cerunt,
218 1721 505 1808 revertentesque
520 1716 559 1784 in
575 1717 727 1807 patriam
744 1720 1009 1786 conservarunt.

128 1823 253 1913 Igitur
275 1822 411 1892 nullum
435 1823 578 1892 dubium
594 1847 668 1892 esse
685 1828 811 1914 potest,
838 1823 923 1913 quin
943 1820 1105 1890 Christus
1128 1821 1190 1890 Pe·

60 1939 162 2001 trum
184 1953 283 2000 suam
298 1931 522 2002 divinitatem
541 1933 734 2002 confessum
752 1931 873 2000 volens
888 1929 1116 2013 remunerari,
1138 1932 1190 2000 di-

60 2039 160 2108 xerit
181 2039 252 2124 illi,
266 2043 307 2107 ut
317 2038 422 2108 habet
433 2039 537 2109 lectio
552 2039 838 2129 Syrochaldaica:
857 2033 935 2094 nne
961 2031 1047 2110 ifllA
1065 2053 1112 2094 οῦ
1131 2028 1191 2096 tel

59 2138 176 2219 »¹²³³
207 2135 313 2203 &⁸³2
337 2140 422 2223 lili-'³
445 2138 508 2222 230¹
531 2148 640 2217 idest:
671 2177 687 2213 c
721 2149 775 2216 uu
805 2170 842 2216 cs
872 2148 989 2230 Petra,
1022 2151 1058 2213 et
1085 2167 1189 2235 super

62 2283 78 2317 n
100 2254 194 2322 hano
211 2255 350 2323 Petram
373 2256 561 2325 aedificabo
575 2257 769 2326 Ecclesiam
791 2277 941 2324 meam.»
959 2253 1053 2322 Nota
1067 2253 1185 2338 etiam,

59 2384 188 2430 nomen
213 2361 369 2450 Ocptae,
395 2363 486 2453 quod
509 2365 546 2431 in
570 2365 733 2454 pluribus
752 2362 847 2434 Novi
871 2361 1087 2430 Testamenti
1103 2362 1189 2432 locis

60 2468 200 2538 Simoni
212 2467 315 2536 Petro
327 2467 444 2554 datur,
459 2490 533 2538 essa
546 2462 953 2558 Syrochaldaicumtsta
963 2468 1115 2557 (Kepha)
1128 2492 1189 2538 seu

61 2570 129 2641 t³l³
144 2570 269 2668 (Kifo)
292 2574 495 2662 significans
526 2577 678 2660 Petram,
701 2578 859 2668 idemque
883 2585 957 2644 esse
983 2599 1049 2666 quo
1074 2577 1189 2647 utitur

58 2688 184 2752 textus
207 2681 505 2771 Syrochaldaicus
528 2683 565 2750 in
599 2684 673 2754 loco
709 2707 817 2774 supra
852 2685 961 2754 citato
991 2684 1186 2774 Matthaei;

60 2813 131 2883 qno
154 2790 293 2858 nomine
315 2789 423 2858 etiam
446 2812 546 2880 saepe
579 2792 856 2881 Syrochaldaica
887 2793 1002 2862 versio
1034 2791 1190 2882 appellat

59 2899 208 2966 Petrum
223 2896 262 2964 in
270 2895 364 2966 Novi
372 2897 587 2969 Testamenti
599 2899 698 2986 locis,
714 2901 751 2968 in
764 2900 889 2992 quibus
902 2900 1057 2970 Graecus
1069 2904 1190 2970 textus
1256 2919 1258 2922 ·

60 3009 171 3078 hahet
187 3010 313 3104 Πέτρος.

128 3119 223 3190 Nota
245 3120 364 3204 etiam,
382 3115 474 3187 illud
496 3117 550 3184 Et
563 3131 686 3206 portae
707 3118 830 3206 Inferi
852 3142 920 3183 coa
943 3117 1189 3206 capapuuduat

60 3250 149 3308 eam,
162 3225 394 3315 juxta-usum
416 3223 581 3315 loquendi
603 3223 748 3312 linguae
773 3223 1066 3312 Syrochaldaicae
1088 3244 1188 3311 posse

59 3333 169 3402 etiam
185 3333 237 3400 sic
261 3333 367 3402 verti:
386 3331 448 3400 Itu
470 3345 510 3396 at
518 3345 643 3420 portae
662 3330 866 3418 Inferiore
890 3343 1084 3418 capcpacct
1101 3352 1185 3410 eam,

59 3449 98 3511 ct
120 3442 172 3510 sic
194 3441 373 3510 Ecclesiae
397 3439 723 3530 iceapupactc'licos
746 3459 768 3504 a
782 3438 888 3506 Petro
904 3442 945 3505 ut
962 3436 1186 3505 fundamento

59 3549 238 3639 expressis
252 3549 369 3618 verbis
384 3548 562 3638 penderet.

129 3657 163 3724 2.
182 3657 314 3724 Locum
330 3654 479 3724 Josnnis
501 3655 601 3724 XXI.
623 3654 677 3725 15.
694 3653 749 3722 16.
765 3652 820 3722 17.
836 3652 890 3721 ita
912 3652 1187 3743 Syrochaldaica

60 3763 190 3849 versio,
205 3760 497 3846 Peshitta'dicta,
513 3761 666 3830 exhibet:
688 3789 704 3825 a
722 3760 808 3829 Cum
830 3764 947 3829 autem
972 3767 1183 3846 coenassent,
1203 3765 1282 3838 Aa

61 3899 75 3933 κ
97 3870 194 3940 dixit
211 3869 235 3938 J
237 3892 317 3938 esus
340 3869 473 3938 Simoni
496 3862 644 3960 Cephae:
663 3869 781 3938 Simon
805 3869 970 3958 Barjona,
988 3867 1112 3980 diligis
1134 3891 1187 3937 me

61 4005 78 4041 n
97 3978 178 4068 plus
196 3997 300 4067 quam
319 3975 405 4044 istil
420 3975 519 4044 Dicit
533 3973 602 4043 illi:
621 3975 762 4066 Utique,
781 3975 937 4059 Domine,
955 3979 996 4042 tu
1012 3975 1081 4044 scis
1097 3976 1187 4066 quod

62 4112 77 4148 n
96 4091 133 4154 te
148 4084 274 4174 diligo.
289 4083 386 4154 Dicit
396 4083 453 4152 illi
461 4083 486 4151 J
486 4105 579 4153 esus:
589 4085 696 4152 Pasce
712 4081 800 4150 mihi
814 4103 923 4171 agnos
935 4104 1067 4152 meos...
1079 4083 1187 4153 Pasce

63 4220 78 4256 n
95 4193 184 4264 nihi
200 4191 330 4264 arietes
346 4215 480 4264 meos...
493 4191 601 4263 Pasce
615 4189 703 4261 mihi
724 4211 806 4262 oves
821 4209 948 4260 meas.»
966 4187 1080 4259 Juxta
1095 4190 1187 4259 hanc
