3018 4672
185 1225 313 1346 ‘l'i't

161 1569 313 1686 nnn

336 162 379 228 98
791 182 954 228 arraumx
974 184 997 227 r.

335 297 442 366 enters
474 278 596 381 (atauo
622 297 703 387 rc),
736 293 888 365 navio
911 295 1081 384 Episcopo·
1113 293 1163 380 (1)
1194 316 1236 362 ex
1269 294 1360 382 spara
1388 293 1450 360 ιιι-

336 405 462 474 ronitis
484 407 561 489 (sec.
581 404 660 492 X),
687 403 933 476 WILLELMI
956 403 1092 472 TYRII
1119 425 1162 470 ex
1189 402 1329 470 Latinis
1355 403 1449 487 (eccc-

335 585 382 624 ras
401 571 593 622 commemorat
611 569 813 622 Maronitarum
833 571 946 633 sectam,
970 569 1002 618 ut
1025 565 1192 619 distinctam
1211 582 1228 618 a
1245 565 1400 631 Jaoohitis,
1421 566 1451 617 ab

335 659 476 724 Armenia,
489 674 505 709 a
518 657 662 710 Melchitis
677 661 706 708 et
718 658 804 710 etiam
817 673 834 708 a
846 655 961 709 Latinis
977 669 1026 707 seu
1049 653 1204 708 Catholicis
1223 652 1270 724 (V.
1285 653 1354 707 (lod.
1364 654 1450 708 Vatia.

337 749 401 815 Syr.
418 748 478 800 159.
492 747 542 800 fol.
558 741 610 799 140
627 742 722 816 recto).

408 833 450 910 (1)
463 839 517 890 Hic
529 837 651 890 antistes
660 837 803 890 Maronita
815 851 850 888 cx
862 835 980 901 Syriaca
992 834 1092 898 lingua
1104 834 1136 885 in
1149 833 1298 886 Arabicam
1313 833 1392 898 stylo
1402 833 1451 884 ele·

340 929 477 994 gentian.
491 927 541 979 959
561 927 652 979 vertit
670 922 900 992 Nomocauonem,
919 940 936 976 a
955 923 1073 990 quodam
1094 923 1194 976 «Patre
1213 921 1333 975 Sancto»
1352 937 1452 988 compo·

341 1019 427 1070 situm
392 1019 521 1158 ajuxta
533 1032 599 1068 suae
612 1018 708 1081 gentis
719 1019 839 1068 statuta.
850 1017 940 1082 Hujus
956 1014 1051 1080 operis
1063 1014 1208 1078 exemplar
1217 1012 1452 1078 pretiosissimum

343 1195 451 1248 fldem
443 1212 474 1247 ιιι
493 1196 662 1248 Trinitatem
666 1196 799 1262 ,'atque
791 1211 821 1246 111
840 1194 1071 1247 Incarnationem
1090 1191 1249 1244 summatim
1268 1190 1453 1257 exposuisset,

344 1287 412 1338 haec
426 1288 485 1352 fol.
503 1290 537 1337 22
549 1285 696 1351 profert
712 1287 774 1338 Non
787 1284 935 1349 credimus
957 1299 1017 1334 eum
1029 1280 1112 1349 (adeat
1126 1280 1278 1348 Οιιιιιιιιιι)
1296 1295 1359 1333 esse
1381 1279 1453 1342 duos,

346 1397 358 1424 a
374 1392 464 1442 neque
477 1375 545 1427 duos
559 1376 687 1428 Ohrietos
700 1373 894 1442 (confitemur),
910 1389 961 1425 nec
973 1373 1043 1425 duas
1056 1387 1201 1439 personas,
1218 1372 1266 1423 aut
1280 1370 1350 1421 ιιιιαι
1361 1371 1456 1422 volac-

345 1474 449 1530 n,tetea
466 1469 514 1518 aut
533 1467 601 1518 daca
621 1467 796 1531 operationes
807 1464 846 1532 (et
858 1464 1028 1531 tribuimus).
1041 1461 1126 1514 Absit
1140 1462 1191 1513 hoc
1210 1461 1245 1512 ab
1265 1475 1334 1512 eo.»
1321 1459 1457 1512 »Deinde

341 1554 409 1622 (sol.
423 1559 457 1608 25
472 1570 547 1606 cereo
545 1554 721 1622 )poetquam
734 1554 864 1606 diversas
883 1553 1058 1605 christianas
1077 1553 1168 1604 sectas
1182 1552 1385 1626 enumerasset,
1400 1563 1456 1615 per·

342 1646 396 1710 git:
414 1646 508 1696 asum
526 1645 704 1709 Maronitica,
721 1661 791 1711 quae
810 1643 950 1708 originem
969 1642 1056 1694 habet
1076 1642 1220 1693 aMarone
1240 1641 1352 1694 Joanne
1371 1639 1456 1706 patri-

344 1755 356 1782 ι
372 1734 457 1786 archa
470 1749 585 1798 magnae
599 1733 801 1786 Antiochiae...
816 1733 877 1784 Hae
897 1734 1017 1798 quatuor
1042 1733 1135 1782 sectae
1153 1727 1363 1798 (laceratione)
1388 1727 1458 1780 afflr.

343 1845 356 1872 a
372 1827 463 1876 matae
483 1827 558 1874 sunt.
575 1825 661 1875 Porro
679 1823 876 1876 Melchitarnm
896 1824 925 1874 et
942 1819 1147 1872 Maronitarum
1166 1822 1274 1884 sactae,
1297 1817 1332 1870 de
1359 1819 1456 1885 quibus

344 1913 459 1966 elocuti
479 1928 580 1978 eumue,
603 1915 744 1965 suntuna
763 1915 854 1973 secta,
876 1914 961 1977 atque
981 1925 1064 1962 unam
1089 1908 1259 1975 eandemque
1280 1912 1384 1962 tenent
1403 1923 1458 1960 sen·

343 2025 355 2052 n
371 2004 491 2056 tentiam
509 2003 584 2056 circa
602 2003 733 2054 unionem
752 1999 879 2068 (Verbi),
901 2001 977 2052 circa
1001 2002 1137 2064 naturas,
1159 2013 1191 2050 ac
1214 1999 1455 2066 personalitatem.

344 2117 356 2141 ι
371 2094 465 2146 Solum
484 2093 558 2145 circa
576 2093 739 2144 voluntates
760 2091 937 2156 discrepant,
959 2104 1019 2141 cum
1038 2088 1189 2141 Melchitae
1215 2087 1284 2140 duas
1309 2087 1457 2154 profitean-

344 2184 419 2233 ntur
438 2183 620 2246 voluntates,
642 2181 804 2232 Maronitas
824 2187 913 2231 atatam
931 2195 1018 2230 ιιιιαιιι
1036 2181 1219 2232 voluntatem.
1243 2199 1255 2225 n
1277 2177 1332 2231 Hic
1356 2178 1455 2242 codex,

344 2284 417 2322 anno
437 2269 502 2322 (ihr.
525 2271 644 2322 1402111
665 2274 757 2322 monte
776 2269 887 2320 Libano
907 2271 1057 2333 exaratus,
1080 2268 1166 2320 habet
1184 2267 1220 2319 ad
1239 2268 1344 2328 calcem
1363 2268 1457 2320 variae

343 2359 512 2424 epigraphes
534 2363 563 2410 et
582 2363 673 2426 notas,
689 2375 724 2412 ex
744 2360 845 2425 quihus
865 2361 997 2411 constant
1015 2357 1131 2408 nomina
1148 2357 1292 2409 variorum
1310 2357 1459 2410 Maronita-

343 2463 402 2499 rum
421 2449 499 2500 inter
519 2450 680 2515 episcopos,
702 2449 895 2514 presbyteros,
918 2444 1050 2499 diaconos
1071 2449 1100 2498 et
1118 2447 1209 2512 alios,
1231 2446 1280 2512 qui
1300 2447 1348 2498 vel
1368 2445 1457 2498 codice

342 2536 388 2588 vel
408 2537 471 2602 ipso
491 2553 573 2604 opere
592 2537 638 2588 usi
658 2539 733 2602 sunt,
755 2552 806 2588 nec
824 2551 880 2588 non
906 2537 1023 2586 notatur
1047 2535 1132 2586 etiam
1156 2549 1257 2588 nomeu
1277 2535 1458 2599 patriarchae

342 2626 560 2689 Maronitarum,
582 2625 725 2694 cujusdam
745 2627 867 2679 loannis
882 2662 924 2691 ...,
941 2625 991 2676 suh
1012 2639 1065 2690 quo
1085 2623 1172 2677 codex
1191 2626 1325 2676 exaratus
1347 2627 1400 2677 est.

413 2717 513 2770 Nescio
532 2732 568 2767 au
587 2715 766 2782 Assemanus,
781 2731 842 2767 cum
859 2715 1031 2768 sententiam
1049 2728 1126 2765 suam
1149 2729 1230 2780 quam
1247 2712 1455 2779 perpendimus,

344 2808 449 2872 scripto
469 2804 601 2870 tradidit,
616 2806 690 2856 hunc
708 2804 830 2856 codicem
859 2804 982 2856 viderat.
997 2804 1087 2856 Unum
1107 2802 1174 2869 scio,
1192 2803 1274 2854 illum
1292 2803 1323 2853 in
1355 2802 1457 2854 duabus

344 2896 403 2948 suis
422 2895 607 2945 Bibliothacia
627 2909 662 2946 ne
682 2894 797 2946 verbum
817 2893 929 2959 quidem
942 2892 976 2944 de
989 2893 1046 2944 isto
1065 2891 1159 2944 codice
1178 2893 1225 2944 vel
1245 2905 1329 2957 opere
1348 2891 1380 2942 in
1400 2891 1457 2957 ipso

343 2985 475 3038 contento
494 2983 596 3036 facere.
613 2983 695 3034 (terto
714 2963 820 3034 cer'tius
836 2986 889 3048 est,
906 2981 979 3048 quod
999 2983 1024 3034 ei
1039 2981 1219 3033 doctissimus
1242 2981 1291 3036 vir
1313 2980 1367 3034 hoc
1380 2981 1456 3036 Vati·

343 3089 440 3128 canum
459 3076 667 3125 monumentum
681 3071 813 3137 vidisset,
829 3087 882 3136 quo
894 3074 1019 3136 tempore
1040 3086 1105 3123 suaa
1128 3069 1323 3123 Bibliothecae
1334 3069 1455 3137 scripsit,

345 3163 517 3214 sententiam
536 3162 648 3214 omnino
669 3164 815 3213 mutasset.

416 3250 574 3317 Antequam
590 3251 665 3303 hunc
680 3251 883 3303 Maronitarum
905 3249 1127 3302 Nomocanouem
1140 3246 1293 3312 dimittam,
1314 3248 1398 3314 juvat
1410 3261 1457 3313 pro

345 3357 438 3394 rerum
450 3341 630 3407 antiquarum
643 3341 762 3392 curiosis
776 3338 1012 3403 animadvertere,
1029 3339 1065 3388 1⁰.
1077 3337 1159 3389 Hunc
1172 3339 1322 3402 auctorem,
1338 3337 1387 3389 ubi
1400 3336 1458 3398 agit

343 3431 428 3496 juxta
445 3430 553 3480 statuta
574 3427 765 3478 Maroniticcc
782 3427 874 3491 petetis
893 3425 927 3476 de
944 3424 1008 3491 fide,
1025 3424 1057 3476 de
1079 3423 1258 3489 hierarchia,
1275 3423 1309 3475 de
1330 3423 1457 3477 ecclesia-

347 3521 417 3572 stico
435 3519 583 3584 regimine,
598 3520 705 3570 nullam
727 3517 898 3569 mentionem
917 3517 1009 3568 iacere
1023 3515 1165 3568 Ecclesiae
1178 3516 1332 3580 Romanae,
1348 3517 1394 3568 vel
1408 3515 1456 3565 lto·

346 3624 489 3662 manorum
510 3609 707 3675 pontificumll!
732 3609 790 3659 Imo
811 3623 871 3659 eum
890 3621 1026 3672 asserere,
1042 3606 1150 3657 nullum
1165 3604 1359 3672 patriarcham
1378 3606 1407 3656 in
1419 3605 1456 3654 al·

347 3697 436 3748 terias
458 3697 638 3762 patriarchae
658 3695 821 3762 provincias
843 3698 1012 3762 potestatem
1035 3709 1116 3762 posse
1140 3694 1254 3746 habere.
1282 3695 1319 3745 2⁰.
1340 3693 1408 3746 Eum
1426 3692 1455 3740 iu

347 3785 440 3850 capite
462 3786 504 3834 Dc
523 3785 724 3836 Atlotioaihoa
741 3785 881 3852 inscripto
904 3782 936 3850 (a
950 3785 1010 3850 sol.
1026 3781 1085 3850 53.)
1105 3783 1181 3834 serio
1204 3784 1234 3832 et
1262 3781 1362 3834 multis
1381 3795 1454 3844 argir-

348 3873 452 3924 mentis
471 3880 571 3923 contra
590 3889 679 3924 amaea
698 3874 868 3924 christianae
885 3880 969 3924 aeetae
988 3871 1131 3938 propriam
1145 3887 1211 3924 suae
1225 3871 1322 3934 gentis
1335 3868 1453 3935 discipli-

347 3977 413 4014 nam
431 3961 626 4013 demonstrare
653 3964 789 4024 conatur,
812 3960 843 4011 in
862 3961 1002 4024 religione
1029 3959 1141 4011 scilicet
1158 3957 1318 4010 christiana
1336 3956 1454 4024 corporis

348 4049 508 4101 ablutiones
535 4049 687 4111 religiosas
716 4047 890 4100 necessarias
915 4063 994 4112 esse,
1022 4046 1232 4112 orationemque
1257 4045 1319 4098 siue
1345 4044 1454 4111 praevia

348 4139 493 4190 ablutione
517 4137 658 4204 corporali
683 4136 815 4191 illicitam
841 4151 902 4188 esse
915 4138 945 4188 ιιι
975 4135 1075 4188 Nonne
1103 4135 1154 4188 hoo
1182 4135 1309 4207 explieat
1333 4132 1403 4202 quod
1426 4131 1453 4181 iu
