3018 4672
290 119 338 188 96
742 145 905 190 aarum:
923 146 948 190 1.

288 253 572 324 Nestorianorum
584 254 635 340 (1)
650 278 692 324 ex
707 255 893 325 Chaldaeis
915 257 1039 341 (seculo
1054 257 1153 326 VIII
1153 264 1191 348 .),
1219 260 1256 330 S.
1270 261 1407 334 JOAN-

288 361 366 432 NIS
388 361 662 432 DAMASCENI
677 363 727 450 (2)
748 385 791 430 ex
813 362 989 433 Melchitis
1005 364 1151 434 Graecis
1168 371 1245 452 (occ.
1263 369 1365 438 VIII
1365 423 1373 439 .
1372 377 1405 458 ),

360 551 402 628 (1)
414 555 494 606 Inter
506 553 641 621 epistolas
654 554 737 622 hujus
754 556 853 607 eximii
869 555 1058 622 patriarchae,
1074 559 1188 622 quaein
1202 557 1270 614 (1311.
1284 561 1405 615 XXVII.

290 643 323 695 de
337 643 456 709 Propag.
472 645 596 708 exstant,
606 659 676 708 pop.
688 643 750 694 613.
765 643 870 709 incipit
881 644 937 695 43¹.
951 644 1082 711 epistola,
1098 645 1133 698 ad
1147 649 1296 700 monachos
1307 649 1335 702 S.
1349 652 1405 702 bla-

290 733 368 787 13113
385 732 533 798 inscripta,
552 733 584 784 in
597 748 652 800 qua
665 736 769 798 auctor,
785 736 932 800 postquam
944 735 1012 787 illos
1026 737 1184 803 monachos,
1201 739 1249 804 qui
1264 737 1405 806 adipsum

290 823 464 889 scripserant
482 823 614 874 unionem
631 836 693 875 cum
712 823 802 889 ipsius
816 825 936 876 ecclesia
954 828 1093 892 petentes,
1115 826 1246 880 laudibus
1267 831 1301 881 ob
1315 831 1406 895 pieta·

290 916 355 977 tem,
368 912 572 979 religionisque
582 912 671 966 selum
684 914 862 979 cumulasset,
877 915 1000 966 unitatis
1011 918 1209 970 excellentiam
1219 920 1403 986 celebrasset,

291 1018 320 1054 33
331 1000 367 1054 ad
377 1017 423 1053 eos
436 1001 612 1067 recipiendos
622 1007 750 1068 paratum
761 1019 822 1054 esse
836 977 1018 1070 declar'asset,
1034 1004 1157 1072 denique
1170 1005 1251 1060 fldem
1261 1009 1406 1061 Nestoris·
1494 1027 1495 1040 ¹

290 1108 354 1144 nam
366 1091 466 1145 fusiori
480 1094 585 1144 calamo
597 1094 782 1159 exposuisset,
796 1091 932 1145 videlicet
944 1093 1013 1146 duas
1027 1109 1087 1146 esse
1101 1096 1132 1146 in
1146 1095 1261 1150 (11111313
1275 1102 1404 1166 naturas,
1494 1109 1495 1116 ’

289 1181 357 1233 duas
376 1196 520 1248 personas,
541 1195 623 1232 unam
643 1181 828 1247 voluntatem,
844 1197 981 1248 unamque
1000 1183 1192 1250 operationem
1209 1187 1293 1254 juxta
1306 1188 1405 1242 Nesto-

290 1272 430 1325 rlanorum
449 1271 588 1323 haeresim
607 1271 677 1322 totis
697 1271 807 1323 viribus
828 1270 1011 1340 defendisset,
1027 1275 1111 1326 v'enit
1130 1274 1242 1327 tandem
1255 1275 1291 1329 ad
1305 1295 1408 1344 ponen-

290 1362 339 1416 das
357 1361 543 1426 conditiones,
561 1361 611 1412 sub
630 1361 731 1426 quibus
750 1361 817 1412 illos
830 1361 980 1414 monachos
993 1363 1024 1413 in
1045 1377 1121 1415 suam
1142 1366 1362 1418 communionem
1377 1383 1406 1419 33

289 1455 461 1518 recepturum
474 1450 639 1502 affirmabat.
654 1449 697 1500 Ex
716 1450 816 1515 quibus
836 1450 964 1502 omnibus
984 1454 1014 1503 ct
1028 1455 1175 1506 antenore
1194 1454 1283 1506 totius
1301 1457 1406 1522 episto·

289 1543 333 1594 133
353 1539 506 1604 colligitur,
522 1540 590 1591 illos
602 1540 751 1592 monachos
771 1541 805 1592 1⁰.
821 1540 980 1594 1101111313
999 1557 1082 1593 unam
1101 1543 1244 1608 professos
1264 1561 1325 1598 3333
1345 1561 1407 1614 per-

290 1646 399 1696 sonam,
422 1631 456 1682 2⁰.
473 1628 541 1681 duas
561 1628 710 1682 admisisse
733 1630 764 1681 in
790 1631 853 1698 ipso
874 1635 1002 1696 naturas,
1024 1631 1061 1682 3⁰.
1076 1633 1107 1682 in
1128 1633 1286 1698 Doxologia
1310 1639 1407 1690 tamen
1495 1693 1496 1708 ,

289 1719 435 1774 recitanda
453 1718 634 1786 appendicem
653 1720 733 1771 illam
756 1720 810 1781 Qui
828 1719 977 1786 crucifixas
995 1737 1020 1771 cs
1035 1737 1089 1786 pro
1108 1723 1191 1774 actis
1209 1740 1350 1790 apponere
1365 1742 1407 1779 so·

290 1813 358 1867 litos
378 1811 475 1877 fnisse3
495 1811 533 1862 4⁰.
549 1810 669 1877 denique
689 1810 779 1877 quoad
798 1811 908 1864 Ohristi
923 1813 1086 1865 voluntates
1106 1816 1135 1866 et
1148 1815 1328 1880 operationes
1342 1832 1407 1869 ean-

291 1905 352 1956 dem
374 1903 545 1955 sententiam
558 1918 591 1954 ac
603 1901 788 1954 Nestoris-nos
802 1903 936 1966 tenuisse,
953 1903 1063 1955 scilicet
1075 1905 1106 1954 in
1120 1903 1235 1956 Christo
1248 1920 1309 1957 esse
1322 1921 1408 1960 unam

162 1977 253 2092 n}
291 1995 474 2058 voluntatem,
490 2007 627 2058 unamque
641 1993 841 2059 operationem.
856 1992 969 2044 Etenim
983 2008 1047 2059 pag.
1063 1993 1124 2045 626.
1140 1995 1192 2045 ait.
1210 1995 1330 2061 «Neque
1344 2011 1407 2062 nos,

292 2107 305 2133 n
321 2084 394 2138 313111
411 2083 541 2134 nonnulli
560 2083 766 2150 blasphemant,
782 2083 813 2134 in
827 2081 895 2134 duaa
909 2084 1081 2149 voluntates,
1097 2083 1286 2151 operaciones,
1302 2089 1332 2136 at
1345 2102 1408 2154 pro·

292 2196 303 2221 3
319 2173 458 2241 prietates
476 2173 580 2225 Filium
599 2173 652 2224 Dei
665 2171 852 2224 dividimus...
867 2171 1071 2238 Relinquamus
1085 2174 1133 2240 qni
1143 2173 1212 2226 haec
1224 2180 1359 2227 asserunt
1376 2178 1408 2228 in

292 2261 521 2316 „haereticorum
540 2262 635 2328 atriis,
650 2262 698 2313 ubi
711 2277 833 2328 purpura
853 2277 881 2313 se
905 2265 1077 2314 coronant.»
1098 2259 1224 2334 (Alludit
1243 2263 1409 2319 3101111311
1496 2265 1497 2272 ’

289 2352 645 2418 Constantinopolitanam,
665 2351 715 2403 ubi
734 2351 765 2403 in
785 2351 911 2404 Concilio
932 2353 980 2405 Vl.
1003 2353 1177 2405 oecumenico
1198 2351 1348 2405 definitum
1364 2358 1410 2406 331

290 2443 389 2508 dogma
408 2441 525 2494 duarum
545 2441 740 2506 voluntatum,
763 2440 937 2507 duarumque
961 2437 1178 2511 operationum).
1200 2441 1328 2493 Profecto
1349 2443 1409 2495 nisi

288 2533 336 2588 hic
348 2531 513 2601 patriarcha
524 2532 593 2584 illos
605 2531 764 2598 monachos,
781 2546 849 2597 quoa
863 2531 1026 2596 ceteroquin
1041 2530 1125 2584 raldo
1141 2531 1298 2597 blanditur,
1313 2548 1408 2585 monc-

289 2623 414 2677 theletas
431 2638 492 2676 esse
505 2623 674 2688 compertum
692 2621 819 2688 haberat,
836 2635 891 2672 non
911 2623 969 2672 tam
988 2622 1093 2674 acriter
1109 2623 1141 2674 in
1161 2621 1350 2686 Dyothelctas
1364 2624 1408 2676 in·
1497 2627 1498 2674 1

290 2716 386 2766 vectus
405 2717 489 2764 esset.
510 2711 696 2764 confirmatur
714 2711 765 2763 hoc
784 2725 819 2762 ex
838 2725 869 2762 3ο
883 2709 957 2776 quod
970 2725 1028 2762 cum
1042 2727 1107 2777 pag.
1116 2709 1178 2762 657.
1191 2727 1330 2778 exponere
1347 2728 1408 2766 aus·
1497 2745 1498 2750 κ

289 2803 396 2869 ciperet
414 2803 476 2855 illis
495 2801 639 2854 monachis
659 2799 727 2868 quid
747 2801 820 2866 ipsis
840 2798 977 2864 agendum
997 2802 1072 2852 33331
1090 2804 1122 2854 ut
1141 2816 1218 2852 snam
1242 2803 1410 2855 communio

289 2907 351 2944 nem
363 2895 545 2957 mererentur,
559 2892 657 2956 exegit
670 2890 783 2956 quidem
798 2890 833 2940 1⁰.
845 2893 878 2941 ut
887 2889 1088 2955 profiterentur
1098 2889 1166 2942 duas
1178 2905 1238 2942 3333
1248 2891 1279 2942 11
1290 2890 1409 2946 christo

289 2962 435 3052 persensa,
452 2983 488 3034 2⁰.
503 2985 536 3034 nt
552 2981 644 3034 dicere
663 2984 808 3034 cessarant
827 2976 937 3034 SSiriam
957 2979 1075 3032 liariam
1095 2979 1242 3045 Virginem
1261 2983 1409 3035 esse-Dei·

289 3087 395 3142 param,
415 3074 453 3126 3⁹.
474 3076 506 3126 ut
523 3071 704 3137 appendicem
727 3087 761 3122 ex
784 3070 941 3134 Doxologia
960 3072 1164 3136 expungerent;
1184 3070 1222 3122 4⁰.
1236 3069 1361 3136 denique
1376 3077 1409 3126 ut

288 3167 392 3235 rejecto
408 3162 527 3228 cyrillo,
548 3161 708 3227 reciperent
726 3161 898 3225 Nestorium,
912 3159 1087 3212 Theodorum
1107 3162 1136 3212 31
1148 3159 1310 3212 Diodorum:
1325 3165 1358 3212 at
1373 3177 1408 3212 ne

289 3255 403 3308 verbum
417 3252 529 3320 quidem
542 3251 612 3304 13311
630 3249 664 3302 13
683 3249 861 3302 admittenda
874 3265 930 3301 una
943 3250 974 3301 in
987 3249 1102 3301 (ihristo
1116 3249 1274 3315 voluntate,
1287 3265 1338 3314 pro
1353 3267 1409 3317 qua

289 3347 372 3412 paulo
392 3345 458 3397 ante
478 3346 536 3396 tam
555 3340 659 3392 3311131
677 3343 862 3405 pugnaverat,
885 3340 958 3394 sicut
977 3353 1027 3390 nce
1046 3337 1080 3390 de
1101 3337 1229 3390 dicendis
1247 3337 1355 3391 duabus
1377 3340 1408 3392 in

289 3434 403 3488 christo
415 3433 537 3498 naturis,
552 3431 650 3497 utique
670 3431 738 3496 quia
756 3429 864 3482 sciebat
876 3429 907 3480 in
921 3429 968 3482 his
987 3427 1092 3481 duobus
1105 3427 1248 3495 capitibus
1261 3429 1331 3481 illos
1351 3445 1406 3482 mo·

289 3527 393 3580 nachor
413 3539 502 3576 secum
522 3521 684 3575 convenire.

359 3610 401 3686 (2)
423 3615 480 3667 Res
501 3613 700 3666 observatione
726 3610 911 3676 dignissima:
933 3608 1084 3677 quodcum
1105 3607 1265 3662 Maronitas
1290 3607 1405 3662 eosdem

289 3705 349 3760 1313
366 3703 492 3756 habeant
509 3703 599 3756 libros
617 3701 768 3766 liturgicos
786 3715 818 3753 ac
835 3699 991 3766 Jacobitae,
1007 3699 1173 3766 discrepent
1195 3701 1290 3772 13111311
1310 3698 1407 3752 abbis

289 3795 320 3850 iu
338 3808 395 3846 una
412 3794 522 3845 tanturn
543 3806 582 3858 rc,
600 3806 669 3859 quaa
682 3790 807 3858 praecisa
821 3789 855 3843 ad
870 3790 898 3843 S.
913 3789 1051 3842 Joanncm
1070 3785 1271 3842 Damascenum
1285 3787 1405 3852 attinet.

289 3882 403 3937 Etenim
421 3879 561 3933 Jacobitis
581 3895 612 3932 ac
629 3879 781 3933 Maronitis
800 3877 896 3931 eadem
915 3893 1031 3946 prorsus
1054 3879 1099 3929 est
1122 3874 1243 3939 liturgia
1264 3871 1407 3941 pro‘ccla·

289 3971 398 4027 brando
416 3969 520 4023 missae
546 3970 697 4035 sacriflcic;
718 3968 792 4043 idem
812 3967 872 4020 1313
891 3967 965 4020 ritus
984 3981 1035 4033 pro
1055 3963 1295 4019 administrandis
1316 3979 1408 4018 sacra·
1472 3977 1475 3988 ’

291 4062 394 4115 mantis
414 4060 560 4127 baptismi,
576 4059 780 4126 poenitentiae,
796 4057 981 4123 matrimonii,
997 4055 1118 4122 ordinis,
1133 4070 1184 4121 pro
1198 4054 1300 4108 dandis
1314 4054 1407 4107 variis

292 4148 546 4212 benedictionibus,
568 4151 597 4197 et
616 4146 768 4210 similibus,
783 4144 869 4198 iidem
888 4145 947 4198 1313
956 4145 1028 4198 libri
1050 4159 1101 4212 pro
1121 4145 1232 4211 publico
1251 4143 1330 4212 cultu
1341 4144 1406 4196 lieo
