3018 4672
182 293 299 354 clasiae
331 292 465 372 Syrooh.
499 291 639 353 testimo·

185 391 274 450 nium
309 409 366 470 pro
398 389 489 451 Petri
521 390 640 467 prima-

98 527 102 535 .
185 494 236 562 tu,
258 491 309 550 21.

97 591 283 650 Seleuciae
295 593 328 648 et
336 591 575 660 ctesiphontis
588 606 640 650 co·

182 689 322 748 tholicus
350 706 403 748 seu
429 688 546 764 primas
573 688 640 747 sive

181 785 387 862 patriarcha,
413 786 475 858 34,
499 785 563 858 35,
586 785 637 844 55.

180 883 259 960 Ejus
279 887 431 960 potestas,
453 885 504 943 36.
527 883 639 960 Fingi-

182 985 239 1042 tur
260 983 289 1042 ei
314 984 388 1043 date
415 982 638 1058 patriarchalis

182 1079 367 1153 auotoritas,
390 1079 441 1154 55,
457 1081 506 1139 83.
531 1080 639 1156 Fingi-

183 1181 239 1238 tur
266 1177 427 1237 ordinatus
457 1196 476 1236 a
503 1181 637 1254 quatuor
690 1211 692 1216 .

183 1277 306 1354 magnis
334 1276 553 1350 Patriarchis,
583 1278 634 1337 67.

182 1377 227 1436 De
259 1374 325 1451 ejus
357 1375 557 1436 auctoritatis
585 1393 638 1435 raa

184 1473 268 1533 tione
280 1473 458 1547 disseritur,
467 1474 633 1547 82,83,84.

94 1575 242 1643 sergius
259 1579 349 1649 patr.
368 1568 549 1643 Constant,
565 1574 616 1633 53.

94 1673 242 1742 sergius
288 1671 408 1746 primus
455 1669 636 1746 patriarcha

181 1768 396 1832 Jacobitarnm
431 1773 501 1844 post
535 1770 636 1828 Seve-

182 1886 276 1941 rum,
297 1869 348 1929 94.

95 1968 246 2024 Severus
279 1969 373 2037 ,pota
411 1961 636 2021 Antiochensis

182 2059 423 2137 monophysita,
446 2061 637 2120 condemna-

182 2163 247 2232 tus,
262 2158 312 2218 53.
335 2157 432 2234 Origo
442 2158 637 2234 patriarcha-

184 2259 236 2316 tus
257 2255 484 2328 Jacobiuarum,
506 2256 557 2316 94.

96 2358 217 2416 Severi
231 2341 376 2433 Mucoffa
389 2354 523 2431 episcopi
539 2356 637 2414 Ashu-

182 2471 363 2513 moneorum
419 2452 635 2512 testimonium

181 2551 266 2610 circa
300 2549 426 2609 concilii
462 2551 637 2611 Chalcedo-

181 2649 287 2708 nensis
307 2648 560 2723 celebrationem,
583 2648 633 2721 50,

181 2747 632 2822 5l,67.0‚ircaMaronitas,97.

98 2844 569 2922 SharfianicollegiiSyrorum
578 2842 636 2905 Co·

136 3009 149 3030 .
181 2943 246 3003 deoc
266 2942 433 3020 pretiosus,
456 2943 506 3002 23.

97 3045 284 3114 Speculum
305 3048 435 3101 tersum
451 3040 578 3117 Josephi
592 3043 633 3100 II.

180 3140 381 3218 patriarchae
394 3139 633 3226 Chaldaeorum,

181 3235 251 3294 118.

96 3311 180 3402 Ἇῖιφκ
201 3351 253 3392 seu
275 3349 403 3404 samum,
429 3333 478 3392 16.

99 3443 260 3511 synodus
281 3441 321 3500 V.
346 3439 550 3498 concillum.

100 3543 181 3612 syri
202 3539 411 3608 schismatici,
434 3538 474 3598 V.
497 3537 635 3597 Jaoohi-

181 3642 248 3699 tae.
280 3639 441 3706 Syrorum
462 3633 636 3694 catholico·

180 3751 254 3794 rum
274 3733 508 3811 patriarchatus
533 3731 634 3809 origo,

181 3834 216 3892 et
234 3832 330 3907 ratio,
351 3833 402 3893 94.

100 3932 201 4003 syria
214 3932 422 4008 etAegyptus
440 3927 548 3989 unitae
559 3926 634 3986 olim

182 4047 251 4088 cum
272 4031 385 4102 Roma,
407 4027 458 4088 37.

104 4129 391 4199 SyroohaldaIcae
402 4125 507 4204 gentle
517 4125 637 4186 brevis-

1158 159 1224 229 139

773 294 854 356 sima
865 294 1046 372 descriptio,
1056 297 1097 369 V,
1106 296 1160 356 Vi.
1173 298 1226 358 Di·

774 393 883 454 visain
896 398 1032 472 quatuor
1045 399 1157 472 sectas,
1167 399 1223 471 VI,

775 493 859 552 VIII.
877 492 1120 570 Syrochaldaica
1140 496 1226 556 Eccl.

774 590 1230 652 vehementioribusverbisex-

774 686 888 764 primit
908 707 995 748 suam
1017 691 1107 749 fidem
1125 690 1158 750 in
1168 692 1230 750 Pe-

775 787 821 846 tri
842 787 1025 864 prImetum,
1047 808 1140 866 quam
1167 793 1229 852 Ro-

773 902 883 960 mana,
909 887 956 946 ll.
980 889 1116 947 Eandem
1139 889 1230 948 reri·

773 986 871 1044 tatem
892 985 1061 1062 profitetur
1082 987 1114 1045 in
1136 986 1228 1047 libris

772 1082 932 1160 liturgicis
945 1103 980 1144 ac
997 1085 1028 1142 in
1045 1084 1161 1144 ceteris
1172 1087 1227 1144 do-

772 1182 926 1241 cumentis
940 1184 1026 1256 ,’·26.
1060 1185 1162 1260 Usque
1186 1185 1226 1244 ad

771 1282 931 1355 postrema
952 1280 1056 1340 secula
1077 1280 1145 1340 sine
1159 1280 1227 1341 ulla

770 1376 1227 1438 mutationeconservavittra·

770 1473 920 1533 ditionem
942 1477 980 1534 da
994 1475 1084 1535 Petri
1106 1475 1225 1552 prime-

771 1573 820 1644 tu,
832 1572 883 1632 96.
906 1573 985 1639 Quid
1000 1574 1226 1652 Syrochaldaei

770 1669 956 1747 intelligent
982 1689 1038 1748 per
1064 1672 1227 1732 Orientem

774 1771 808 1828 et
831 1768 1043 1841 Occidentem,
1056 1770 1107 1828 35.
1131 1771 1228 1848 Syro-

770 1862 913 1923 chaldaei
935 1861 1172 1939 diligentissimi
1190 1865 1224 1922 in

770 1961 883 2020 alienis
904 1959 1033 2037 scriptis
1050 1963 1224 2036 vertendis,

770 2058 913 2118 euecta.
951 2060 1067 2118 Eorum
1095 2059 1170 2118 tides
1192 2059 1225 2118 in

770 2156 942 2233 primatum
964 2159 1054 2217 Rom.
1068 2157 1225 2217 Ecclesiae

772 2255 1095 2317 delituitSchismetis
1107 2259 1226 2332 tempo-

771 2372 819 2429 re,
834 2357 870 2415 at
883 2371 943 2412 non
958 2357 1156 2428 mortuaest,
1171 2354 1222 2416 57.

771 2451 811 2511 V.
835 2455 1040 2512 orientales.

690 2847 863 2908 Timothei
883 2848 908 2907 I.
938 2846 1136 2923 patriarchae
1157 2847 1226 2908 Ne·

770 2946 938 3006 eterianor.
951 2944 1068 3005 dictum
1081 2946 1118 3003 de
1129 2945 1226 3003 Grae-

723 3103 728 3110 .
769 3045 815 3105 cis
835 3043 1087 3122 imperatoribus,
1106 3043 1157 3102 64.
1180 3043 1224 3100 Da

770 3142 909 3219 primatu
938 3144 1096 3202 Romanae
1120 3137 1227 3199 Eccle-

770 3242 846 3315 siae,
868 3241 919 3301 65.
946 3241 1080 3299 Decreta
1101 3237 1138 3294 de
1163 3235 1224 3295 flde

768 3337 888 3412 edidit,
910 3338 960 3398 79.
994 3335 1070 3411 Ejus
1100 3351 1226 3411 praece-

769 3440 858 3513 ptum
879 3437 916 3495 de
942 3433 1065 3495 ratione
1086 3429 1225 3509 eligendi

770 3533 940 3612 episcopos,
961 3532 1012 3591 82.
1036 3530 1114 3608 Ejus
1136 3529 1227 3589 testi-

769 3632 909 3692 monium
956 3629 1041 3690 circa
1081 3627 1226 3689 Maroni-

770 3732 839 3804 tas,
860 3729 911 3790 96.

577 3849 579 3854 ·
690 3833 854 3892 'ihomam
880 3827 1058 3904 episcopum
1079 3824 1227 3887 Maroni-

771 3931 877 3988 tarum
904 3925 989 3985 inter
1020 3929 1054 3984 et
1081 3923 1225 4001 patriar-

771 4026 861 4086 cham
876 4023 1100 4084 Melchitarum
1121 4021 1226 4098 dispu-

766 4119 849 4182 tatio
869 4119 908 4178 de
928 4117 1001 4192 fide,
1026 4115 1095 4177 109.
