3006 4672
396 163 438 205 nx
462 161 676 206 moruncurrs
700 161 896 207 ernocnunn.
1161 137 1205 208 45

73 271 176 338 stole
200 271 274 357 (1),
302 272 572 361 Syrochaldaeis
601 273 805 358 notissima,
833 263 935 366 qnam
966 275 1010 343 ad
1034 275 1206 344 Romanos

71 377 245 467 scripsit,
271 379 322 447 sic
348 379 390 448 de
412 381 567 448 Romana
589 379 747 448 Ecclesia
770 381 950 472 loquitur,
978 388 1082 472 prout
1105 387 1207 450 senat

72 489 206 552 textus
237 486 410 555 versionis
436 486 696 574 syriacae‘(2):
730 516 745 550 c
771 489 935 578 Ignatius
959 490 1030 558 Deo
1061 489 1207 557 indutus
1236 491 1363 564 ’ΠΤ

75 618 96 650 n
123 586 289 683 (θεοφόρος)
323 595 366 662 ad
395 594 493 662 illam
521 617 608 686 quae
636 619 762 684 magna
788 603 842 666 est
872 596 1114 685 magnitudine
1136 596 1206 664 Ex-

75 725 95 757 n
119 699 209 766 celsi
238 707 275 769 et
303 701 388 770 Jesu
419 701 554 770 Christi
585 702 652 770 filii
682 702 760 790 ejus
792 704 1207 792 unigeniti;,Ecclesinm

75 833 96 867 n
120 806 387 877 dilectissimam
410 815 446 877 et
468 808 703 876 illuminatam
721 810 905 880 voluntate
920 811 986 880 Dei
1000 811 1114 882 omnia
1130 833 1207 880 eon·

75 941 96 976 n
119 913 272 982 tinentis
294 921 330 984 et
353 915 695 1004 comprehendentis,
722 923 758 984 et
786 917 934 986 caritate
961 918 1048 988 Jesu
1074 917 1208 988 Christi

75 1050 95 1082 n
118 1022 199 1092 Dei.
212 1017 336 1110 nostri;
362 1023 407 1091 ad
436 1023 540 1090 Illam
565 1045 652 1114 quae
676 1024 781 1092 habet
797 1025 910 1094 sedern
926 1026 1073 1114 primam
1096 1026 1133 1093 in
1157 1049 1208 1094 re·
1323 1105 1329 1116 ⁸

74 1130 226 1219 ugione
256 1131 407 1216 Romae,
435 1131 676 1220 dignissimam
705 1132 800 1214 Deo,
831 1117 1073 1221 dignissimam
1103 1133 1209 1222 maje-

77 1267 98 1301 n
121 1243 228 1321 state,
254 1237 395 1326 dignam
417 1237 635 1306 beatitudine
659 1243 695 1306 et
718 1237 845 1326 gloria,
872 1239 1015 1328 dignam
1037 1239 1205 1328 puritate,

77 1371 97 1405 n
120 1344 298 1412 sedentem
322 1345 359 1412 in
382 1345 570 1434 principali
595 1345 674 1413 sede
690 1346 851 1414 caritatis
867 1346 906 1412 in
929 1347 1006 1435 lege
1029 1345 1205 1416 christu,

77 1450 154 1533 Qui
172 1457 228 1519 tot
245 1458 281 1519 et
295 1450 385 1520 tales
402 1451 443 1519 de
459 1451 619 1519 Ecclesia
634 1451 790 1520 Romana
805 1452 930 1520 titulos
947 1453 984 1521 in
1001 1452 1075 1520 suis
1091 1474 1208 1520 monu-

76 1557 212 1628 mentis
236 1557 371 1648 legunt,
396 1558 532 1648 qualem
555 1559 634 1646 ejus
650 1558 1206 1649 excellentiae,praeeminentiae,
1231 1553 1236 1562 ’

77 1665 271 1754 primatus,
295 1665 430 1754 jurium
454 1665 565 1734 ideam
599 1667 713 1732 animo
746 1667 813 1734 sibi
845 1669 1027 1737 efformare
1057 1668 1205 1736 debentl

76 1774 224 1842 Revera
247 1773 372 1840 mirum
395 1780 460 1856 est,
488 1774 771 1864 quotiescumque
795 1773 831 1840 in
848 1775 1080 1844 monumentis
1097 1774 1205 1843 erien-

78 1880 221 1948 talibus
237 1889 272 1948 et
287 1880 491 1970 praesertim
509 1880 796 1968 Syrochaldaicie
813 1881 940 1950 mentio
952 1881 1129 1950 Ecclesiae
1141 1882 1207 1950 Ro-

79 2010 207 2056 manae
231 1987 283 2071 fit,
299 1992 384 2078 quot
408 1993 443 2056 et
466 1986 630 2078 qualibus
653 1987 775 2055 titulis
806 2011 846 2057 ao
870 1989 1034 2058 laudibus
1057 2011 1131 2057 eam
1155 1989 1207 2056 vi-

76 2097 204 2164 demus
228 2094 496 2183 magnifieatam.
513 2094 580 2162 Sed
605 2095 895 2184 operaepretium
919 2102 973 2164 eet
988 2100 1207 2164 monumenta

79 2200 361 2291 Syrochaldaica
384 2201 614 2289 investigare,
641 2207 682 2269 ut
694 2203 775 2270 inde
792 2224 956 2272 eruamus
972 2202 1154 2292 praeclara
1166 2202 1208 2269 de

79 2308 235 2376 Romani
260 2307 438 2377 Pontificio
462 2308 605 2376 summis
631 2308 774 2397 juribus
805 2311 841 2377 in
866 2311 1066 2380 universam
1090 2308 1205 2378 Eccle-

83 2417 176 2482 siam
199 2415 414 2483 testimonia.
642 2491 645 2500 ,

152 2521 251 2588 Inter
276 2541 421 2616 canones
444 2519 619 2610 antiquos,
645 2527 720 2590 tum
742 2543 764 2588 a
787 2521 983 2606 Chaldaeis,
1009 2527 1084 2590 tum
1108 2547 1129 2590 a
1146 2521 1208 2611 Sy-

81 2629 136 2698 ris
161 2628 212 2714 (3)
235 2633 415 2716 receptos,
441 2633 583 2695 exstant
606 2636 642 2696 et
665 2629 701 2696 in
734 2650 862 2718 magna
894 2629 1115 2698 veneratione
1148 2629 1207 2698 ba·

81 2738 213 2804 bantur
236 2734 390 2804 Canones
412 2734 559 2802 Nicaeni
586 2735 694 2824 vulgo
719 2736 879 2818 Arabici,
905 2739 946 2806 de
971 2759 1116 2830 quorum
1145 2759 1208 2805 au·

81 2842 225 2911 thentia
254 2864 322 2909 non
353 2847 406 2909 est
436 2840 494 2909 bic
527 2841 624 2910 locus
649 2843 833 2910 disserere.
860 2844 980 2912 Solum
1004 2843 1110 2914 liceat
1134 2843 1208 2910 ani-

81 2948 320 3032 madvertere,
347 2947 409 3014 hos
437 2970 584 3015 canones
608 2947 745 3015 saeculo
769 2949 838 3015 iam
861 2950 921 3017 V⁰.
951 2950 1093 3020 ineunte
1117 2950 1208 3038 apud

80 3061 207 3145 gentes
231 3052 508 3141 Syrochaldaeas
531 3053 731 3122 notissimos
755 3055 876 3139 fuisse,
903 3056 996 3144 apud
1013 3078 1097 3146 quos
1114 3056 1209 3123 fama

81 3169 139 3230 eet
162 3159 243 3228 illoe
266 3183 307 3228 ex
331 3159 515 3228 Occidente
540 3160 631 3228 idest
654 3183 695 3228 ex
727 3161 872 3250 imperio
904 3163 1057 3229 Romano
1088 3185 1109 3228 a
1135 3160 1207 3228 Ma·

81 3269 192 3336 rutha
216 3268 373 3356 episcopo
395 3266 665 3355 Maiparactensi
689 3267 817 3335 allatos
842 3267 963 3335 fuisse.
991 3267 1131 3335 Certum
1154 3275 1208 3336 est

157 3427 200 3500 (1)
218 3431 252 3482 In
273 3430 400 3494 vulgatis
420 3429 496 3481 enim
516 3429 592 3495 apud
610 3429 836 3494 Syrochaldaeos
856 3431 943 3497 hujus
963 3429 1055 3483 sancti
1068 3431 1206 3496 martyris

82 3521 175 3586 Actis,
198 3519 283 3572 nnius
304 3513 415 3572 'tantum
435 3521 575 3586 epistolae
594 3521 627 3571 lit
641 3521 746 3572 mentio
762 3535 845 3586 qnam
859 3521 920 3586 ipsa
934 3519 969 3572 ad
984 3521 1124 3572 Romanos
1137 3520 1204 3573 scri-

82 3610 185 3677 pserit.
537 3655 544 3668 .

156 3696 200 3772 (2)
219 3698 401 3754 ecuxmv.
424 3701 549 3766 pag.88.
641 3691 644 3696 ’

154 3786 196 3862 (3)
216 3789 297 3841 Circa
316 3788 403 3853 syros
422 3790 523 3840 merito
545 3789 662 3842 dubium
691 3789 761 3842 oriri
790 3790 899 3856 potest,
922 3805 956 3842 ex
977 3806 1008 3843 ec
1029 3789 1103 3857 quod
1123 3790 1155 3844 hi
1174 3791 1205 3844 in

82 3895 221 3935 canonum
240 3879 456 3932 collectionibus
476 3878 551 3945 apud
570 3879 648 3944 ipsos
668 3879 798 3944 vulgatis
812 3895 868 3931 non
883 3881 996 3933 soleant
1009 3880 1128 3933 Nicaeni
1142 3896 1204 3933 con·

83 3970 146 4024 cilii
164 3983 287 4022 canones
307 3967 442 4020 exhibere
462 3967 519 4018 nisi
538 3967 606 4020 illos
621 3967 730 4030 viginti
744 3969 973 4032 vulgatissimos,
988 3967 1123 4020 Attamen
1137 3968 1205 4020 Bar-

83 4061 223 4111 bebraeus
243 4058 273 4108 in
294 4073 343 4109 suo
362 4057 556 4109 Nomoceuone
576 4055 648 4108 citat
667 4071 788 4109 canones
808 4059 894 4121 vulgo
917 4057 1201 4124 nicaeno-arabicos,

85 4153 113 4200 ct
131 4147 259 4216 praecise
279 4147 329 4199 nbi
347 4146 444 4212 agitur
459 4146 493 4208 de
513 4146 637 4198 Romano
656 4146 804 4214 pontifice,
825 4150 857 4199 ut
876 4145 1022 4199 videbitur
1040 4145 1128 4198 inira.
