3006 4672
392 164 435 210 EX
459 165 672 210 uouuunurm
697 164 892 209 stannatio.
1156 139 1200 208 47

75 302 91 336 n
111 289 217 364 caput
242 287 291 342 eet
313 275 498 342 Romanae.
515 301 531 336 n
558 274 640 342 Ideo
656 279 773 344 autem
789 274 922 344 dicitur
938 274 976 344 in
991 274 1057 344 hoc
1071 296 1201 344 canone

71 382 255 450 Romanum
289 381 449 472 pontifex
479 382 618 450 decreto
647 382 838 471 apostolico
868 404 943 451 esse
975 383 1128 450 omnium
1163 382 1201 450 in

70 487 239 558 Ecclesia
261 493 379 578 capnt,
406 488 497 578 qnod
522 489 616 558 facto
639 489 831 579 apostolico
859 488 988 558 accidit
1010 493 1051 556 ut
1074 489 1200 557 Petrus

67 596 220 663 Romam
243 597 408 681 venisset,
428 597 546 688 ibique
569 598 806 688 episcopatum
829 597 1000 687 gessisset
1022 619 1131 687 usque
1155 595 1199 663 ad

70 708 234 772 mortem.
252 705 330 774 Nou
354 705 467 794 igitur
483 705 613 794 placito
636 706 871 775 ecclesiastico
895 712 930 775 et
952 705 1063 774 multo
1085 703 1200 772 minus

71 809 180 879 civili
206 833 268 880 seu
290 811 434 902 politico
459 813 641 904 episcopus
654 815 842 910 'Romanus
865 812 1053 903 primatum
1080 813 1198 883 habet.

142 918 189 985 In
201 918 625 990 VHI⁰autemeorundem
633 921 1201 992 Nicaeuo-arabicorumcanonum

71 1026 214 1096 dicitur
230 1026 294 1115 (1):
322 1028 645 1110 «Quemadmodum
670 1035 785 1119 potest
806 1029 1008 1120 patriarcha
1031 1029 1202 1120 quidquid
1233 1027 1371 1102 HI

72 1160 92 1195 n
109 1134 196 1222 jure
208 1133 289 1203 vult
306 1133 419 1203 facere
434 1157 511 1204 cum
525 1135 599 1204 illis
612 1135 673 1226 qui
686 1136 799 1225 ipsius
815 1119 1022 1205 auctoritati
1038 1137 1199 1219 subsunt,

74 1268 92 1302 n
114 1240 222 1326 (ita)
240 1244 448 1330 patriarcha
470 1244 642 1310 Romanus
659 1241 941 1331 jurisdictionem
963 1243 1090 1311 habeat
1103 1265 1204 1330 super

75 1379 94 1411 n
115 1372 229 1415 omues
248 1352 483 1438 patriarchae,
502 1351 596 1420 sicut
619 1352 735 1417 beatus
759 1353 882 1418 Petrus
911 1351 1087 1444 (talebot)
1103 1372 1204 1438 super

75 1484 95 1519 n
117 1471 228 1523 totam
253 1459 495 1546 rempublicam
518 1459 758 1547 (Ecclesiae).
790 1484 806 1519 u
832 1458 888 1525 Ex
912 1479 978 1548 quo
1001 1457 1203 1526 deducimus

77 1564 115 1632 1ο
139 1563 345 1632 Pontificem
368 1565 560 1633 Romanum
583 1565 700 1634 eadem
724 1565 938 1646 auctoritate
953 1564 1083 1654 pollere
1100 1585 1204 1651 super

75 1677 194 1740 totam
215 1669 422 1756 Ecclesiam,
437 1694 540 1763 quam
564 1672 698 1761 singuli
721 1671 944 1761 patriarchae
967 1671 1003 1738 in
1029 1693 1109 1739 suos
1125 1672 1204 1738 sub·

75 1778 177 1846 ditos
200 1777 340 1864 habent;
358 1777 392 1843 2⁰
407 1779 497 1846 hanc
519 1779 666 1848 Romani
689 1777 871 1846 Pontificis
893 1776 1139 1845 auctoritatem
1161 1798 1204 1843 ex

76 1884 187 1951 Petro
210 1883 383 1970 derivari,
407 1885 499 1954 idest
520 1885 622 1954 illum
645 1885 753 1975 hujus
771 1886 808 1952 iu
825 1884 1002 1954 Ecclesiae
1019 1883 1205 1952 universae

77 1991 240 2080 primatu
262 2014 337 2060 esse
360 2015 603 2062 successorem.

148 2099 219 2168 His'
234 2105 269 2168 et
292 2099 467 2169 similibus
491 2101 688 2170 rationibus
711 2100 866 2185 innixus,
889 2096 1095 2166 Benattibus
1119 2095 1204 2164 cele-

82 2208 159 2300 bris
184 2207 366 2276 canonista
395 2207 626 2277 Nestorianus
654 2208 764 2276 seculi
786 2207 852 2275 XI.
888 2205 926 2274 iu
957 2205 1206 2273 Nomocauom'a

80 2341 160 2404 cap.
187 2314 227 2380 de
246 2315 442 2384 sacerdotio
453 2364 463 2398 ‚
494 2337 601 2404 agens
632 2316 673 2382 de
705 2313 927 2384 hierarchica
956 2309 1205 2381 constitutione

80 2421 265 2490 Ecclesiae
287 2419 341 2488 ait
363 2421 425 2507 (2):
456 2449 471 2484 a
489 2421 669 2490 Ecclesiae
682 2442 790 2489 canon
813 2418 987 2509 praecipit
1001 2423 1044 2485 ut
1058 2416 1206 2484 inferior
1236 2416 1354 2492 zzz

81 2558 99 2592 n
121 2529 298 2618 superiori
312 2529 461 2613 obediat,
480 2531 693 2619 omniumque
709 2526 935 2594 obedientiam
951 2523 1130 2592 concludat
1140 2548 1206 2612 pa-

83 2665 100 2699 n
121 2637 280 2703 triarcla
291 2637 476 2719 Romanum·
489 2636 562 2725 ipse
577 2638 668 2705 enim
685 2637 793 2702 locum
810 2647 898 2700 tenet
910 2635 1058 2702 Simonis
1071 2633 1204 2698 Petri.»

81 2747 182 2834 Ergo
207 2743 240 2810 1⁰
262 2743 444 2835 episcopus
467 2746 643 2812 Romanus
667 2743 810 2811 eandem
834 2741 939 2808 habet
961 2737 1208 2808 auctoritatem

82 2874 124 2922 ac
148 2853 273 2920 beatus
295 2852 443 2938 Petrus;
469 2854 504 2920 2⁰
527 2866 642 2920 omnes
665 2850 852 2918 christiani
874 2847 1032 2937 episcopo
1054 2845 1208 2912 Romano

83 2961 238 3050 subjecti
250 2967 345 3046 suut,
361 2959 645 3052 quemadmodum
662 2958 796 3047 singuli
806 2947 885 3024 ¹suis
900 2953 1081 3045 episcopis;
1103 2952 1137 3018 3⁰
1153 2952 1208 3018 de-

83 3070 193 3160 nique
217 3091 331 3136 omnes
353 3073 389 3135 et
412 3066 546 3156 singuli
569 3065 722 3156 episcopi
744 3065 898 3132 Romano
914 3058 1070 3150 praesuli
1093 3057 1208 3146 subja·

85 3181 179 3259 cent,
206 3174 298 3242 sicut
313 3173 403 3263 ipsis
419 3193 536 3240 eorum
552 3172 697 3240 subditi.
717 3171 808 3238 Huic
824 3169 968 3236 innixus
985 3165 1209 3233 fundamento

84 3281 306 3352 Ebdiashous
318 3280 480 3349 Sobenais
492 3278 721 3348 Nestoriauus
735 3275 914 3344 canonista
926 3273 962 3340 in
977 3264 1077 3337 tract}
1093 3277 1125 3340 9.
1140 3269 1209 3336 No·

86 3416 171 3458 moc.
197 3390 311 3458 dixit:
344 3388 550 3456 «Maximae
565 3387 693 3455 Romae
717 3385 822 3452 datus
847 3387 901 3449 est
923 3377 1211 3467 (patriarchatus)
1241 3370 1394 3444 ΗΠΒ

88 3526 104 3560 n
123 3502 269 3588 propter
292 3497 380 3564 duas
403 3493 581 3562 columnas
596 3492 634 3558 iu
650 3512 691 3560 ea
707 3489 852 3579 positas,
868 3509 897 3554 s.
911 3485 1053 3552 Petrum
1068 3482 1210 3572 inquam

90 3631 106 3667 n
124 3602 375 3693 Apostolorum
399 3600 602 3691 principem,
623 3604 659 3666 et
670 3595 834 3664 Paullum
849 3591 1007 3682 gentium
1023 3590 1208 3658 doctorem.

90 3711 314 3800 »Propterea
336 3707 422 3776 haec
446 3707 543 3776 sedes
566 3710 621 3774 est
643 3703 796 3770 omnium
818 3701 944 3791 prima,
959 3699 1102 3789 (quique
1117 3697 1156 3760 ia
1173 3718 1213 3760 ea
1249 3777 1253 3786 ,

90 3815 230 3902 taedet)
253 3815 535 3906 patriarcharum
559 3818 665 3902 caput
681 3814 745 3878 est.
763 3835 779 3870 n

159 4065 204 4139 (1)
222 4067 289 4120 cod.
305 4067 422 4121 XXVII.
445 4082 509 4133 pag.
526 4066 568 4118 10.

160 4156 204 4230 (2)
227 4156 294 4210 (lod.
310 4157 415 4209 XXIX.
437 4170 502 4223 pac.
520 4155 582 4207 150.
