3006 4672
276 115 321 184 48
630 137 670 182 nr
690 138 770 184 scre.
784 139 878 186 scer.
897 139 1045 186 nurnero

344 249 532 340 Recipiunt
547 250 653 318 etiem
677 248 763 338 Syri
785 257 821 320 et
847 251 884 320 in
912 273 1053 343 corpore
1081 253 1138 321 sni
1161 251 1257 340 juris
1279 275 1390 324 recen·

279 362 357 426 sent
379 376 526 424 oenones
556 355 780 426 Sordiceuses
803 359 865 446 (l),
892 360 929 427 in
953 359 1080 450 quibus
1106 365 1227 428 notum
1250 365 1391 454 estque
1495 398 1496 409 ι

279 463 414 532 ratione
437 463 609 554 primatus
639 465 872 535 Romanorum
895 467 1102 536 Pontificum
1129 467 1275 557 agnitus
1306 468 1392 536 effir·

281 575 463 662 metusque
487 571 570 640 fuit.
604 571 726 640 Liceat
755 579 889 662 portem
924 574 1028 642 unius
1052 597 1095 642 ex
1119 575 1176 642 his
1207 575 1394 642 canonibus

282 675 403 760 citare,
423 683 527 766 prout
554 678 646 767 opud
673 677 783 768 Syros
802 679 947 769 legitur.
976 681 1099 772 Iteque
1122 682 1159 750 in
1183 703 1314 749 conone
1329 681 1394 749 ΠΙ·

199 783 249 894 ⁸
283 783 414 854 dicitur
438 784 509 870 (2):
546 814 561 848 ιι
595 785 725 854 Hosius
757 787 938 878 episcopus
968 787 1148 857 diuites...
1184 788 1397 856 Honoremns

286 893 514 964 »memorium
545 893 642 962 Petri
665 895 827 984 apostoli,
861 903 902 965 ut
925 896 1100 964 scribatur
1124 897 1167 963 sb
1193 895 1241 963 iis
1261 896 1323 988 qui
1341 897 1394 986 jn·

285 997 449 1068 odicium
481 998 631 1068 tulerint
654 1001 803 1090 epistole
829 1001 871 1070 de
903 1000 967 1070 hcc
991 1003 1130 1091 negotio
1151 1001 1251 1070 Julio
1271 1003 1398 1072 Romae

285 1105 495 1196 espiscop03
527 1113 566 1174 ot
598 1129 659 1196 per
690 1109 867 1198 episcopos
895 1109 956 1200 qui
980 1108 1182 1198 provinciae
1209 1109 1397 1178 viciniores

285 1219 426 1298 nsunt,
460 1212 490 1280 si
522 1235 608 1303 opus
638 1215 760 1298 fuerit,
791 1215 902 1284 denuo
926 1221 1115 1284 renovetur
1136 1216 1323 1306 judicium,
1346 1215 1399 1305 ju·

285 1319 483 1412 »dicesque
509 1321 583 1410 ipse
609 1321 679 1406 det,
701 1349 716 1384 ιι
736 1329 802 1392 etc.

350 1427 508 1496 Cleriore
532 1428 734 1519 suppeditet
756 1431 855 1498 nobis
875 1430 917 1499 de
940 1429 1172 1498 Romanorum
1195 1429 1400 1519 pontificum

283 1533 494 1604 suctoritcte
517 1535 717 1605 testimonie
739 1536 917 1626 Ephesius
944 1537 1110 1625 synodus,
1137 1557 1266 1624 magne
1288 1536 1328 1603 in
1352 1557 1401 1603 re·

285 1639 442 1708 versutie
458 1641 593 1730 oSyris
610 1641 730 1712 habite
745 1644 808 1736 (d),
834 1649 871 1711 et
886 1643 922 1712 in
938 1663 1055 1712 eorum
1068 1641 1161 1731 juris
1172 1641 1403 1710 ecclesiastici

284 1767 424 1836 corpore
455 1745 598 1816 inserte.
622 1747 746 1840 licque
777 1750 870 1818 inter
900 1749 1008 1838 hujus
1039 1749 1165 1837 synodi
1198 1749 1405 1818 documento

284 1859 389 1944 prout
412 1853 498 1942 Syri
521 1876 561 1923 ee
585 1855 725 1938 hebent,
742 1855 852 1945 primo
874 1856 1060 1925 exhibetur
1075 1855 1189 1924 saneti
1212 1853 1406 1924 Caelestini

284 1959 436 2052 episcopi
458 1961 605 2032 Romeui
628 1963 776 2053 epistole
802 1993 818 2028 ιι
841 1963 884 2031 ed
907 1963 1038 2032 clerum
1067 1970 1103 2030 et
1131 1961 1298 2052 populum
1324 1959 1404 2029 Con·

286 2093 302 2130 s
321 2069 626 2160 stuntincpoleos,c
642 2071 760 2161 inque
776 2070 833 2138 bic
855 2069 1012 2160 pontifex
1032 2067 1324 2138 «senteutiem'in
1340 2067 1405 2138 Ne·

287 2199 302 2236 ι
320 2175 465 2244 sterium
478 2176 574 2260 tulit,
589 2177 801 2266 resciditque
813 2176 1002 2246 decisiones
1013 2177 1056 2244 eb
1068 2175 1131 2242 iilo
1144 2175 1293 2243 factes.»
1305 2174 1406 2244 Inter

210 2273 253 2386 ³
284 2279 356 2350 elie
378 2282 431 2352 eit
454 2281 673 2352 Caelestinus
696 2286 733 2354 iu
757 2286 822 2354 hoc
846 2285 994 2374 epistole
1010 2285 1072 2369 (4):
1101 2311 1118 2346 ιι
1132 2283 1184 2350 Ne
1205 2289 1323 2351 nutem
1350 2283 1407 2352 vel

287 2415 302 2452 ι
322 2387 499 2459 levissimo
511 2390 677 2480 temporis
693 2391 806 2480 spatio
824 2391 986 2462 credetur
999 2391 1070 2459 vim
1087 2392 1212 2459 bebere
1229 2391 1407 2459 sententie

289 2497 365 2566 neb
388 2499 456 2568 isto
479 2497 565 2582 lete,
580 2499 641 2589 qui
664 2497 819 2566 divinam
844 2498 1051 2568 sententium
1076 2497 1258 2564 manifeste
1282 2504 1409 2567 contre

289 2633 303 2668 ι
324 2605 472 2696 scipsum
486 2604 700 2695 provenerit,
718 2607 907 2674 auctoritas
922 2605 1017 2673 Sedis
1032 2619 1167 2672 costroe
1183 2604 1353 2700 decrevit,
1365 2611 1409 2672 ut

290 2737 305 2776 ιι
324 2733 421 2782 nemo
435 2735 476 2780 ex
499 2712 682 2802 episcopis,
701 2712 758 2782 vel
774 2710 922 2794 clericis,
940 2711 997 2781 vel
1014 2710 1172 2802 quisquis
1187 2709 1281 2776 elius
1298 2709 1348 2778 sit
1364 2733 1409 2778 ex

289 2845 304 2882 ι
323 2840 537 2912 quecumque
548 2817 827 2888 Christianorum
842 2818 1049 2902 conditione,
1061 2817 1121 2908 qui
1134 2839 1154 2884 e
1165 2816 1327 2886 Nestorio
1343 2824 1411 2886 eut

289 2925 366 2994 seb
388 2923 464 2994 illis
487 2926 548 3016 qui
571 2925 639 3013 ipsi
663 2925 794 2998 similes
817 2930 911 3008 sunt,
937 2946 978 2992 ex
1002 2946 1068 3014 quo
1092 2913 1189 2991 talie‘
1203 2922 1408 3012 praedicere

359 3139 400 3216 (l)
419 3141 556 3196 thldsei
576 3155 625 3194 sen
644 3140 820 3208 Nestoricni,
842 3155 1010 3208 quemquem
1028 3141 1057 3191 et
1076 3139 1135 3205 ipsi
1148 3137 1344 3194 serdicensem
1359 3152 1407 3202 sy-

287 3233 389 3287 nodum
409 3231 560 3300 recipient,
583 3245 640 3283 non
661 3231 755 3282 solent
775 3234 869 3282 temen
889 3229 971 3281 illius
995 3243 1116 3282 oenones
1135 3227 1166 3278 iu
1186 3227 1247 3278 suis
1265 3239 1407 3278 cononum

287 3323 504 3376 collectionibus
524 3321 668 3374 exhibere.

358 3410 400 3484 (2)
418 3415 451 3464 In
471 3413 563 3465 elterc
582 3410 675 3465 codice
695 3410 806 3475 syriecc
826 3408 1011 3472 nitidissimo,
1029 3421 1110 3473 quem
1124 3421 1191 3471 pree
1211 3404 1341 3458 menibus
1355 3405 1406 3457 be-

288 3503 393 3566 bemus,
416 3502 579 3567 pertinente
599 3501 634 3553 ed
653 3500 828 3567 praedictum
848 3497 1049 3550 monesterium
1072 3495 1250 3548 Shsrflenum
1268 3493 1408 3558 Syrorum

290 3591 321 3642 iu
339 3591 435 3643 Monte
453 3591 572 3644 Libens.
594 3591 730 3643 Continet
742 3590 789 3642 hic
802 3588 898 3654 codex,
912 3587 1033 3640 maxims
1052 3601 1112 3638 cum
1132 3583 1287 3648 diligentie
1306 3596 1410 3638 exere-

291 3681 348 3744 tns,
369 3692 469 3743 corpus
487 3679 563 3744 juris
583 3679 771 3732 ecclesiastici
785 3677 928 3730 Ecclesiae
947 3675 1092 3741 Syrorum.

248 3765 252 3774 ’
362 3761 403 3836 (3)
421 3766 501 3818 Hunc
519 3770 644 3820 sanctem
658 3768 796 3833 synodum
810 3766 977 3820 Nestoricui
990 3780 1046 3818 non
1059 3762 1212 3830 recipiunt,
1223 3763 1322 3828 utpote
1333 3774 1410 3827 ques

291 3870 386 3909 eorum
405 3855 546 3907 haeresim
564 3856 795 3910 condemnaverit
818 3871 921 3924 eosque
945 3856 980 3908 eb
1003 3853 1145 3907 Ecclesiae
1169 3849 1325 3905 cetbclicse
1343 3851 1409 3903 uni-

291 3947 351 3998 tate
371 3943 558 4011 separaverit.

362 4029 404 4105 (4)
422 4034 455 4085 Iu
475 4032 567 4085 codice
587 4033 678 4085 altero
696 4036 838 4098 sbarficco
857 4048 957 4100 corpus
974 4031 1050 4100 juris
1070 4028 1257 4084 ecclesiestici
1270 4029 1409 4094 Syrorum

294 4123 469 4187 continente,
491 4122 524 4174 de
544 4136 599 4188 qno
618 4136 691 4173 mox.
