3018 4672
350 143 386 190 rr
408 143 607 192 corrrausr.
632 143 905 194 incommissas.
1140 125 1185 196 83

64 256 279 347 sopotamiae
300 255 499 347 provincias
525 257 796 328 contestabatur.
823 257 945 328 Seoulo
961 264 1076 328 antem
1088 257 1181 330 v11·.

64 367 131 434 suh
153 364 345 454 Jeshujabo
369 365 583 454 patriarcha,
609 365 762 434 Persidis
792 365 996 456 provinciae
1022 367 1182 458 indepen-

65 472 222 542 dentiam
247 493 344 540 suam
368 473 404 539 in
427 471 493 542 hac
510 495 547 541 re
570 473 613 541 ab
636 473 794 564 episcopo
819 473 1032 544 Seleuciensi
1049 499 1184 567 propu-

65 581 227 670 gnabant
243 579 327 666 (1),

134 687 229 755 Dato
252 684 398 776 denique
429 685 519 777 quod
548 686 730 780 episcopus
761 689 994 760 Seleuciensis
1023 688 1184 781 legitima

65 795 206 865 ratione
224 795 462 886 patriarchali
491 795 665 885 dignitate
696 804 821 867 auctus
845 799 893 867 sit
926 799 1038 890 (quod
1064 819 1184 866 verum

63 925 136 971 non
163 907 229 986 est,
249 899 442 969 fatentibus
464 899 552 991 ipsis
579 902 798 972 Nestorianis
821 905 872 990 (2)
897 905 1099 970 catholicum
1122 926 1183 973 seu

64 1009 254 1102 primatem
278 1008 454 1078 Seleuciae
480 1008 692 1080 anctoritate
721 1011 863 1101 privata
890 1034 1029 1080 suorum
1052 1011 1096 1081 ad
1118 1011 1182 1082 Pa·

63 1115 246 1186 triarchae
273 1114 496 1183 altitudinem
532 1121 689 1185 evectum
720 1122 843 1203 esse),
873 1118 952 1187 inde
980 1124 1182 1210 sequeretur

65 1222 331 1307 tantummodo,
357 1222 458 1290 illum
481 1222 577 1292 intra
599 1223 731 1293 limitas
759 1225 815 1294 sui
837 1225 1111 1316 patriarchatus,
1129 1247 1182 1294 eo·

65 1332 144 1402 dem
171 1331 253 1421 jure
276 1329 404 1420 pollere
427 1331 539 1422 quoad
564 1332 861 1422 metropolitarum
891 1338 927 1402 et
949 1333 1183 1424 episcoporum

65 1438 342 1522 institutionem,
361 1438 450 1529 quod
468 1439 592 1508 ceteris
608 1439 821 1530 patriarchis
838 1441 913 1530 ipso
926 1440 1184 1532 antiquioribus

65 1553 176 1639 atque
199 1545 309 1614 multo
332 1546 506 1635 dignitate
523 1547 712 1636 majoribus
735 1549 771 1616 in
795 1549 870 1616 suis
886 1548 1185 1639 patriarchatibus

63 1656 172 1745 juxta
197 1676 343 1723 canones
367 1655 738 1744 competebat‚scilicet
762 1657 989 1725 confirmandi
1012 1664 1048 1726 et
1071 1677 1184 1725 conse·
1236 1712 1238 1718 .

66 1761 193 1833 orandi
224 1761 399 1852 episcopos
429 1761 629 1852 provinciae
658 1762 927 1854 patriarchalis,
960 1787 1022 1832 nec
1052 1787 1119 1830 non
1150 1769 1187 1832 et

66 1893 198 1940 omnes
209 1892 250 1938 ac
274 1869 364 1937 solos
387 1869 628 1959 metropolitas
645 1871 700 1938 sui
717 1871 988 1960 patriarchatus.
1007 1871 1031 1938 J
1033 1893 1088 1938 am
1104 1892 1186 1939 vero

67 1983 231 2047 manente
254 1977 367 2046 adhuc
390 1977 507 2046 eadem
538 1977 750 2067 hypothesi,
781 1979 871 2070 quod
902 1980 1037 2048 scilicet
1068 1977 1185 2048 Seleu·

66 2087 198 2158 aiensis
220 2085 401 2177 episcopus
415 2085 576 2175 legitima
592 2087 803 2156 auctoritate
818 2087 1054 2157 ecclesiastica
1071 2088 1187 2156 factus

67 2198 118 2266 sit
140 2195 356 2286 patriarcha,
370 2217 480 2284 neque
505 2193 700 2263 auctoritas
717 2194 781 2262 illa
801 2217 1035 2287 quaecumque
1047 2194 1187 2263 tandem

67 2303 196 2387 fuerit,
211 2324 298 2395 quae
320 2302 390 2392 ipsi
412 2300 502 2372 hauc
525 2301 735 2391 dignitatem
759 2302 950 2371 contulisse
967 2303 1110 2384 dicitur,
1128 2325 1186 2371 ne·

68 2435 135 2506 que
159 2409 336 2500 generalis
358 2411 449 2478 ratio
477 2410 705 2480 ecclesiastici
740 2409 922 2499 regiminis
958 2410 1116 2478 ferebant
1147 2414 1189 2478 ut

69 2522 254 2612 episcopus
285 2517 514 2586 seleuciensis
545 2539 643 2585 suam
674 2517 944 2608 patriarchalem
969 2516 1187 2606 jurisdictio·

69 2652 147 2698 nem
172 2627 217 2694 ad
240 2631 351 2694 totum
374 2632 549 2694 terrarum
573 2626 686 2694 orbem
710 2624 894 2694 extendere
925 2630 1189 2708 conaretu1·,·ut

71 2734 276 2827 patriarcha
299 2733 537 2802 oecumenicus
560 2732 706 2801 evadere
730 2733 898 2816 studeret,
925 2738 966 2801 ut
987 2731 1098 2800 multo
1119 2755 1187 2800 am·

70 2845 217 2935 pliorem
240 2841 384 2910 haberet
403 2840 686 2929 jurisdictionem
718 2861 820 2931 quam
852 2840 1008 2932 plerique
1039 2839 1189 2930 patriar·

71 2952 155 3022 chae
186 2949 267 3040 ipsi,
302 2949 363 3040 qui
394 2950 558 3017 feruntur
587 2947 644 3014 illi
674 2947 886 3036 dignitatem
917 2947 1188 3038 patriarchalem

71 3057 275 3143 contulisse;
302 3077 389 3148 quae
405 3055 519 3123 omnia
541 3054 695 3146 episcopi
719 3055 956 3124 Seleucienses
980 3055 1097 3122 moliri
1115 3075 1186 3122 coe·

71 3169 225 3258 perant,
252 3187 294 3232 ex
326 3185 393 3255 quo
416 3162 676 3231 nestorianismi
701 3163 934 3232 summitatem
959 3166 1184 3252 occuparunt.

71 3275 223 3358 Etenim,
248 3278 290 3340 nt
316 3271 516 3340 omittamus
538 3272 717 3340 rationem.
741 3271 969 3340 ecclesiastici
992 3267 1185 3358 regiminis,

73 3405 160 3476 quaa
182 3379 290 3449 nimis
320 3378 462 3448 evidens
490 3384 567 3462 est,
594 3379 751 3468 synodus
773 3378 838 3446 illa
868 3379 1105 3468 episcoporum
1136 3399 1186 3442 oc-

74 3489 297 3558 cidentalium
325 3509 412 3578 quae
443 3486 576 3555 dicitur
605 3486 712 3554 titulo
738 3485 960 3576 patriarchae
992 3485 1188 3576 episcopum

75 3599 326 3670 seleuciensem
350 3618 500 3680 ornasse,
526 3595 577 3664 sic
593 3595 631 3662 in
647 3593 873 3684 supposititia
893 3592 1052 3684 epistola,
1070 3598 1187 3660 actum

73 3707 173 3774 illius
196 3703 395 3774 collationis
425 3701 643 3786 continente,
674 3702 789 3768 fertur
819 3699 950 3768 dixisse
972 3699 1044 3785 (3):
1074 3699 1187 3788 olpse
1219 3701 1376 3817 “RN

77 3812 215 3902 »βάθει
236 3811 418 3902 episcopus
441 3810 619 3880 Seleuciae
642 3814 677 3878 et
699 3807 952 3898 Ctesiphontis)
974 3806 1188 3884 consecrabit

145 3976 186 4054 (1)
198 3976 388 4034 vitassem.
403 3976 482 4030 Bitl.
500 3977 546 4030 Or.
559 3979 582 4028 t.
597 3975 623 4028 8.
639 3991 667 4042 p.
684 3973 708 4026 1.
722 3965 868 4040 pag..127.

146 4067 187 4142 (2)
199 4068 266 4148 Vid.
281 4070 370 4122 locum
389 4068 470 4122 citat.
485 4067 536 4120 sub
555 4066 657 4120 littera
670 4065 781 4123 Εὔα.
861 4083 871 4112 s

145 4155 188 4232 (3)
205 4159 273 4214 (lod.
285 4158 405 4212 XXVII.
425 4171 491 4225 pag.
505 4157 568 4210 217.
