3006 4672
318 159 362 234 38
632 177 673 225 ur
696 177 861 226 rarusrus
882 175 1129 224 rnarrrurrsrn

321 325 337 359 n
356 302 422 366 est:
438 295 511 386 jam
530 297 646 362 autam
668 293 788 374 Βοηια,
805 291 910 380 Syrie
924 295 961 359 et
975 285 1153 379 ilepyptue
1168 284 1259 354 Eum
1274 283 1423 366 adoram,

321 429 337 466 n
356 401 447 494 qnod
468 403 512 468 ab
526 397 729 468 idololatria
742 419 801 467 eae
816 397 993 484 liberavit;
1010 423 1026 459 n
1041 395 1161 484 hujus,
1175 393 1329 484 inquam,
1343 387 1427 457 anti-

319 529 408 600 quae
430 506 570 576 unionis
600 505 693 574 nihil
722 505 906 588 remansit,
931 504 1001 572 nisi
1030 503 1194 572 miserum
1217 498 1424 588 vestigium,

318 635 447 702 magna
470 635 512 682 ex
535 617 635 703 parte
658 611 876 701 negativum.
905 611 975 678 Res
998 609 1239 680 observatione
1271 603 1428 696 dignissi-

317 743 386 790 ma.
411 719 467 788 Ex
490 740 558 811 qno
585 717 689 808 Syri,
715 723 751 786 et
773 716 948 807 Aegyptii
969 717 1013 784 ab
1035 715 1212 784 Ecclesiae
1234 711 1371 781 unitate
1395 731 1429 776 se

318 833 589 918 separaverunt,
615 825 752 922 nullum
774 825 959 894 concilium
982 823 1073 914 apud
1096 845 1154 891 eos
1176 821 1337 890 habitum
1360 821 1425 900 est,

317 959 381 1006 nec
397 935 518 1003 haberi
533 939 719 1018 tentatum,
745 933 820 1003 sive
843 932 1016 1022 generale,
1042 930 1118 1000 sive
1140 926 1375 1020 particulare!

386 1043 544 1114 Scientes
567 1047 684 1111 tamen
706 1063 749 1110 ex
772 1040 886 1110 altere
908 1046 1008 1130 parte
1032 1037 1130 1128 Syri,
1156 1058 1322 1125 magnum
1346 1031 1430 1123 peri-

320 1151 439 1221 culum
469 1172 568 1218 snam
594 1170 719 1218 novam
742 1147 1000 1218 schismaticam
1022 1145 1201 1216 ecclesiam
1223 1166 1284 1235 per
1306 1163 1432 1210 novum

320 1257 507 1329 divisionis
529 1257 742 1348 principium
765 1278 787 1324 a
809 1279 846 1326 se
868 1256 1050 1325 inductum
1067 1255 1256 1336 incurrere,
1279 1250 1437 1339 arripue,

319 1371 406 1434 runt
428 1367 472 1433 ab
493 1365 652 1434 Ecclesia
674 1363 849 1433 catholica
870 1363 1019 1432 unitatis
1042 1360 1274 1452 principium,
1301 1356 1433 1446 sibique

318 1472 406 1563 ipsis
421 1472 593 1540 tenaciter
616 1470 850 1560 applicarunt.
869 1469 1007 1538 Exinde
1020 1467 1119 1538 'enim
1143 1463 1348 1557 patriarcha
1367 1463 1433 1530 An·

318 1579 502 1648 tiochenns
525 1577 791 1668 monophysita,
818 1600 919 1669 quem
943 1576 1107 1647 catholici
1130 1581 1165 1644 et
1187 1573 1342 1663 legitimi
1365 1572 1434 1639 loco

319 1706 446 1775 magna
468 1685 646 1753 industria
669 1683 755 1774 Syri
779 1683 906 1754 habere
929 1688 1141 1776 potuerunt,
1166 1683 1283 1754 evasit
1305 1701 1371 1769 pro
1393 1678 1435 1746 iis

319 1815 472 1862 summus
487 1792 658 1883 pontifex,
677 1792 793 1859 omnia
806 1792 891 1881 jura
906 1814 1084 1882 supremae
1100 1789 1327 1860 auctoritatis
1343 1807 1435 1860 exer·

319 1923 421 1985 cens,
446 1900 559 1968 totius
581 1897 812 1968 ecclesiastici
843 1899 977 1967 ordinis
1010 1903 1166 1968 centrum
1196 1894 1434 1976 constitutus,

319 2007 434 2075 omnia
457 2008 501 2074 ad
525 2027 561 2075 se
584 2004 786 2089 attrahens,
812 2004 929 2074 eodem
953 2005 1026 2073 fere
1049 2003 1146 2073 modo
1170 2026 1255 2096 quo,
1282 2007 1324 2071 ut
1348 2000 1436 2072 vidi·
1498 2017 1499 2068 t

319 2135 408 2197 mue,
433 2112 526 2202 apud
549 2111 775 2180 Nestorianos
797 2133 854 2180 res
877 2134 914 2182 se
936 2111 1074 2180 habuit.

386 2219 526 2288 Summo
545 2217 628 2305 jure
650 2218 765 2307 igitur
787 2241 970 2308 possumus
993 2219 1174 2302 affirmare,
1189 2215 1383 2286 Chaldaeos
1406 2221 1440 2284 et

320 2324 431 2413 Syros
461 2329 537 2392 tum
567 2323 673 2393 dictis
703 2330 778 2395 tum
801 2325 907 2394 factis
938 2325 1026 2394 satis
1057 2347 1225 2416 superque
1258 2322 1440 2394 evidentia

319 2430 520 2520 praebuisse
535 2437 753 2518 argumenta,
768 2431 836 2499 sibi
847 2433 1164 2522 perspectissimum
1182 2431 1365 2524 essequod
1381 2453 1440 2498 au·
1497 2487 1498 2498 ,

320 2537 498 2606 ctoritatis
520 2559 700 2627 supremae
723 2539 843 2608 unitas
860 2563 962 2631 quam
981 2540 1145 2609 Christus
1168 2562 1229 2630 per
1243 2539 1390 2607 Petrum
1403 2538 1441 2604 in

318 2641 478 2714 Ecclesia
499 2666 563 2713 sua
586 2644 784 2731 constituit,
808 2668 877 2716 nou
900 2646 1046 2716 debebat
1067 2670 1130 2738 per
1156 2645 1265 2734 hujus
1294 2653 1440 2714 mortem

319 2752 492 2841 extingui,
519 2752 579 2834 sed
602 2774 735 2842 semper
757 2753 795 2821 in
818 2753 978 2824 Ecclesia
1000 2755 1150 2824 existere
1165 2775 1276 2846 usque
1292 2751 1336 2821 ad
1362 2773 1439 2820 oon-

319 2856 579 2926 summationem
601 2857 744 2929 saeculi.

834 3055 926 3137 ea.

321 3215 503 3305 dupe-emec
524 3216 744 3281 auctoritatis
761 3218 891 3298 anites,
910 3217 1008 3304 cujus
1022 3219 1252 3283 necessitatem
1269 3213 1440 3284 Chaldaei

365 3337 398 3388 et
424 3323 506 3412 Syri
538 3335 609 3387 lum
640 3319 744 3387 dictis
777 3336 846 3387 tum
871 3319 986 3410 factis
1013 3322 1168 3411 professi
1196 3337 1296 3404 scot,
1324 3339 1375 3390 eet
1401 3327 1440 3388 in

365 3431 516 3516 ipsorum
537 3442 645 3496 mente
660 3426 794 3516 dejure
809 3428 939 3513 divino,
948 3453 1013 3519 per
1037 3430 1177 3497 Petrum
1195 3454 1217 3497 c
1234 3428 1373 3497 Otr-istc
1387 3435 1439 3496 in·
1495 3477 1496 3526 ζ

365 3535 503 3602 editum.

386 3709 505 3800 Neque
528 3730 610 3778 vero
633 3709 813 3780 credamus
833 3710 954 3801 Syros,
980 3717 1017 3782 et
1039 3712 1230 3783 Chaldaeos
1256 3734 1437 3803 supremae

320 3815 543 3885 auctoritatis
576 3815 770 3902 unitatem,
795 3839 921 3908 quam,
947 3826 989 3888 ut
1019 3841 1126 3910 supra
1155 3818 1327 3904 vidimus,
1362 3826 1437 3889 tum

320 3923 427 3993 dictis
456 3926 532 3990 tum
563 3922 668 3991 factis
698 3925 848 4012 professi
879 3933 974 4011 sunt,
1007 3949 1112 4018 super
1142 3925 1241 3996 alind
1271 3927 1437 3998 fundasse
1494 3993 1495 4020 ,

319 4029 531 4121 principium
561 4034 700 4120 praeter
729 4031 916 4120 primatum
946 4034 1056 4119 Petri,
1090 4057 1112 4103 a
1144 4033 1285 4104 Christo
1308 4035 1436 4107 divini·

319 4144 380 4205 tus
401 4136 459 4204 illi
481 4135 658 4205 collatum.
683 4137 785 4222 Nam,
810 4145 852 4209 ut
880 4161 902 4208 a
924 4141 1110 4212 Chaldaeis
1133 4164 1194 4213 seu
1217 4142 1437 4215 Nestorianis
