3018 4672
538 155 700 201 urrunnu
716 157 753 201 11.
1136 135 1200 204 123

76 268 229 338 smatici
259 268 370 337 nostri
400 268 587 359 primatum
619 268 765 336 Romani
792 260 974 338 Pontificius
1006 273 1206 362 ceterasque

76 375 200 465 ipsius
222 377 488 468 praerogativas
511 377 754 460 admittentes,
781 376 920 445 nonnisi
943 377 1075 446 avitam
1101 377 1204 467 majo-

74 506 163 550 rum
188 506 331 553 sucrum
348 484 448 553 fidem
464 490 690 568 resumerent,
709 506 812 574 quam
827 487 882 552 tot
902 483 1094 552 seculorum
1117 483 1206 552 schi-

74 614 159 659 sma
183 593 301 683 potius
325 593 458 684 sopivit
481 615 583 685 quam
604 592 762 676 extinxit
776 591 839 678 (1),
859 592 1079 683 paternisque
1101 591 1208 660 tradi·

75 699 263 783 tionibus,
290 721 377 792 quas
399 722 516 769 eorum
540 699 678 792 antiqui
703 699 787 768 libri
811 699 962 768 fideliter
985 704 1204 782 conservant,

75 807 374 896 obtemperarent;
389 807 463 876 illis
479 809 618 901 inquam
635 808 896 892 traditionibus,
916 830 1002 898 quas
1020 830 1095 874 cam
1108 805 1208 876 Elias

75 913 338 983 Chaldaeorum
353 915 553 1005 patriarcba
569 915 832 1000 considerasset,
846 937 913 983 non
928 913 1107 983 dubitavit
1121 913 1207 981 haec

76 1021 322 1090 memorabilia
346 1024 451 1092 verba
481 1023 524 1092 ad
547 1023 695 1092 Paulum
719 1023 763 1092 V.
790 1023 985 1114 pontificem
1015 1023 1205 1090 Romanum

77 1149 177 1196 anno
203 1128 290 1195 1610
313 1131 463 1199 scribere
486 1130 549 1218 (2):
569 1131 688 1197 aEcce
705 1129 790 1196 libri
813 1132 924 1196 nostri
946 1129 1125 1195 admonent
1148 1153 1208 1196 nos

78 1233 122 1301 de
147 1236 309 1303 Ecclesia
332 1252 452 1304 sancta
475 1253 506 1304 et
529 1238 612 1306 Sede
634 1238 824 1328 apostoliea
841 1238 982 1319 Domini
998 1237 1117 1325 Papae
1131 1237 1205 1304 Ro-

78 1368 180 1428 mae,
206 1347 367 1436 quoniam
391 1348 464 1435 ipse
487 1361 535 1412 est
553 1360 656 1434 pater
680 1346 846 1427 Petrum,
872 1359 974 1434 eaput
998 1345 1204 1412 Pastorum:

78 1451 181 1517 Eum
206 1449 335 1533 audite,
355 1467 469 1519 elnon
494 1453 661 1520 declinate
684 1478 705 1520 a
725 1467 905 1542 praecepto
929 1476 1000 1520 suo.
1022 1452 1076 1520 Et
1084 1467 1205 1542 patres

78 1561 200 1625 nostri
221 1560 404 1627 orientales
428 1584 537 1627 ornnes
561 1564 698 1652 eosqui
721 1561 763 1627 al
786 1559 947 1628 Ecclesia
974 1560 1128 1627 Romana
1152 1558 1206 1625 de·

73 1666 257 1753 fecerant,
276 1671 656 1752 eucornmunu'caoerunt,
672 1683 705 1736 et
718 1668 822 1735 simul
838 1691 947 1734 omues
963 1665 1208 1733 conculcatores

78 1778 264 1865 praecepti
279 1777 422 1843 Domini
437 1778 569 1865 Papae,
587 1779 649 1868 qui
673 1791 721 1844 est
738 1777 808 1844 loco
824 1777 860 1845 S.
875 1777 974 1844 Petri
984 1773 1208 1863 fundamenti

82 1883 270 1951 Ecclesiae
293 1899 324 1951 et
348 1887 475 1976 capitis
498 1885 741 1973 Apostolorum
760 1913 776 1948 n
803 1884 866 1972 (ὃ).

159 2109 203 2186 (1)
222 2114 296 2168 Vide
317 2131 388 2182 quse
403 2132 472 2183 pas.
488 2121 523 2171 65
535 2123 562 2168 st
573 2131 628 2183 seq.
643 2114 836 2170 disseruimus.

164 2199 207 2275 (ἓ)
226 2202 307 2272 Apud
325 2203 435 2259 Assem.
456 2205 534 2260 atet.
552 2206 596 2259 Or.
618 2209 639 2258 t.
656 2205 680 2257 1.
697 2221 761 2274 pag.
776 2204 838 2258 586.

160 2289 205 2364 (3)
224 2292 304 2357 Quod
325 2295 434 2347 attinet
452 2293 487 2346 ad
509 2295 668 2348 Maronites
680 2295 711 2348 ln
724 2295 825 2362 specie,
841 2294 864 2347 ii
875 2294 934 2362 jam
947 2293 978 2346 in
991 2289 1098 2359 synodo
1112 2305 1207 2346 eoram

83 2377 262 2448 libanensi}
280 2383 622 2450 ann01736celebrata,
643 2385 830 2451 sequentibus
848 2385 945 2438 verbis
971 2399 1048 2437 susm
1075 2382 1157 2436 fldem
1175 2383 1206 2434 in

83 2471 277 2525 Romanorum
296 2472 462 2526 Pontificum
487 2473 733 2528 infallibilitatem
755 2473 938 2528 declararunt
958 2472 1040 2541 (paq.
1055 2477 1078 2524 7.
1096 2489 1125 2525 n.
1141 2472 1206 2540 10).-

87 2581 99 2608 ιι
115 2561 315 2628 Quaecumque
328 2578 345 2615 a
356 2563 472 2615 summis
491 2563 627 2617 Romanis
645 2563 832 2616 Pontificibus
846 2563 876 2616 in
890 2562 1011 2617 materia
1023 2560 1089 2614 fidei
1108 2564 1137 2614 et
1149 2575 1204 2613 mc.

86 2669 99 2694 n
116 2663 181 2702 rum
200 2646 338 2701 adsersus
353 2652 529 2714 emergentes
542 2665 660 2715 errores,
676 2652 705 2701 ct
717 2649 903 2714 perniciosam
916 2651 975 2702 tam
993 2645 1206 2700 catholicorum

85 2757 97 2784 n
112 2741 178 2790 tum
190 2737 401 2792 Haereticorum
412 2742 462 2793 sat
474 2739 722 2793 Schismaticorum
737 2738 902 2806 doctrinam,
917 2737 953 2790 ed
963 2739 1090 2790 nostram
1110 2751 1199 2804 usque

86 2847 99 2874 n
115 2831 242 2881 aetatem
262 2827 380 2882 definita
398 2831 475 2896 sunt,
491 2832 520 2882 et
537 2829 568 2882 in
588 2832 732 2896 posteram
751 2827 931 2895 definientur,
947 2842 1019 2882 es...
1033 2827 1145 2893 Integre
1158 2827 1199 2879 in-

88 2917 287 2988 »violataque
306 2917 444 2973 custodiri
463 2919 498 2973 ab
517 2918 648 2973 omnibus
668 2916 898 2986 praecipimus.»

604 3426 637 3498 (0

438 3422 860 3643 mila&
